1572 2616
211 163 306 196 1102
564 164 729 196 INDEX
765 166 820 195 IN
854 167 899 196 T.
924 167 1059 199 LIVII

219 243 427 283 Gallograecis
440 244 565 276 bellum
587 245 681 276 infert
703 246 764 277 Cn.
785 246 930 278 Manlius
950 247 1074 285 consul,
1099 248 1153 287 38,
1174 258 1222 281 12.
1243 256 1291 290 15.
1307 255 1338 280 et
1357 257 1404 287 17.

263 286 333 360 ejlps
355 287 430 319 belli
450 290 549 361 ἕεῆᾶ,
568 290 703 327 18—27.
727 299 792 330 pax
815 291 852 321 iis
874 291 960 329 data,
984 300 1035 331 37.
1051 299 1083 322 et
1096 301 1149 331 40.
1173 293 1213 323 de
1235 293 1272 323 iis
1294 294 1409 324 trium-

263 339 284 369 Ρ
310 339 361 368 us)
380 340 433 371 39,
475 353 484 362 ·

220 372 411 412 Gallograeci
427 375 562 413 equites,
580 382 633 414 37,
649 384 703 414 40.

219 416 438 490 Ganymgdes,
452 418 617 458 praefe6has
632 418 812 456 Ptolemaei,
824 420 928 459 prodit
939 419 1088 461 Philippo
1100 420 1226 452 AEnum
1239 421 1409 461 oppidum,

265 469 317 498 31,
338 469 349 489 1
380 482 387 489 .

218 502 445 539 Garamantes,
464 513 518 544 29,
537 513 588 542 33.

218 545 398 584 Garitenes,
415 546 527 586 hospes
544 546 695 586 Philippi,
711 546 751 576 ab
767 556 805 577 eo
821 548 958 586 occisus,
977 558 1030 588 32,
1043 558 1095 580 21.

218 588 344 626 Garuli,
360 588 495 629 Liguriae
511 590 633 629 populi,
648 599 702 629 41,
720 598 772 628 23.

217 632 279 662 Cn.
297 632 454 663 Gavillius
468 632 693 672 Aquileiensis,
708 643 764 672 41,
783 640 812 673 5.

216 675 253 705 L.
271 675 444 713 Gavillius,
459 675 531 706 ibid.

216 717 390 756 Gaulotus,
407 718 534 758 regulus
549 717 822 758 Gallograecorum
835 718 1064 760 Tefiiosagfim,
1079 720 1134 760 38,
1150 729 1199 759 19.

217 761 403 799 Gaureleos,
417 768 526 802 portus
541 762 642 792 Andri
659 762 784 800 insulae,
801 771 854 801 31,
870 770 924 803 45.

216 804 358 841 Gauru8‚
377 814 472 835 mons
488 806 521 835 in
538 805 731 845 Campania,
747 813 779 843 7,
798 815 851 844 32.

216 847 355 886 Geganii
371 857 411 878 ex
425 847 559 878 Albanis
577 848 775 889 principibus
790 848 823 877 in
839 849 944 879 Patres
959 847 1045 885 leffi,
1067 857 1096 886 1,
1111 857 1161 887 30.

217 890 253 920 L.
269 891 445 929 Geganius,
462 891 608 922 tribunus
624 891 767 922 militurn
781 891 937 922 consulari
954 892 1118 932 potestate,
1135 892 1166 928 6,
1184 900 1237 931 31.

216 933 268 963 M.
285 933 460 972 Geganius,
477 934 624 965 tribunus
640 934 784 965 militurn
800 934 957 965 consulari
973 936 1140 974 potestate,
1157 935 1189 970 6,
1206 944 1259 974 42.

217 975 267 1008 M.
285 976 450 1017 Geganius
471 977 669 1015 Macerinus,
689 977 815 1016 consul,
838 978 923 1008 sedat
946 977 1103 1008 coitiones
1124 978 1341 1014 tribunorum,
1356 977 1412 1007 ad·

260 1020 366 1051 versus
381 1020 542 1051 nobilium
555 1021 762 1058 juventutem
778 1026 874 1059 ortas,
898 1031 930 1060 3,
955 1022 1008 1062 65.
1030 1020 1209 1052 secundum
1231 1019 1357 1057 consul,
1374 1030 1409 1060 4,

260 1063 293 1093 8.
316 1062 460 1100 Volscos,
484 1065 624 1094 Ardeam
649 1063 840 1102 obfidentes,
864 1064 985 1094 obfidet
1001 1065 1077 1104 ipse,
1094 1074 1124 1104 9.
1147 1064 1248 1094 vincit
1265 1063 1410 1100 Volscos,

258 1112 293 1136 et
308 1106 365 1137 sub
376 1106 495 1146 jugum
518 1108 630 1144 mittit,
650 1117 700 1138 10.
724 1107 894 1148 componit
908 1108 1021 1138 Ardeae
1043 1117 1104 1144 res,
1119 1107 1191 1138 ibid.
1214 1106 1293 1137 redit
1307 1107 1341 1136 in
1357 1115 1411 1135 ur-

258 1148 335 1179 bem
351 1150 568 1189 triumphans,
585 1149 658 1180 ibid.
679 1150 811 1180 tertium
834 1150 957 1187 consul,
976 1158 1025 1186 17.
1048 1151 1169 1187 censor,
1194 1149 1338 1189 probavit
1351 1147 1411 1178 vil—

258 1191 327 1222 lam
350 1191 517 1232 publicam
543 1194 576 1222 in
599 1202 717 1232 campo
740 1192 871 1231 Martio,
889 1203 940 1225 22.
964 1193 1069 1223 Mam.
1087 1192 1276 1228 AEmiliurn,
1292 1190 1347 1230 qui
1363 1190 1410 1220 di·

257 1233 359 1265 «Stator
370 1235 551 1273 censuram,
566 1235 843 1275 quinquennalem
856 1242 999 1271 eatenus,
1017 1236 1099 1266 intra
1112 1236 1189 1265 anni
1205 1242 1237 1265 et
1249 1235 1302 1265 sex
1316 1242 1412 1264 men-

258 1277 343 1308 fium
364 1278 524 1318 redegerat
545 1279 697 1319 spatium,
720 1280 811 1309 omni
837 1279 1016 1319 ignominia
1035 1278 1148 1317 afficit,
1175 1288 1226 1319 24.
1249 1277 1316 1308 vid.
1332 1284 1361 1307 et
1375 1287 1410 1317 9,

260 1329 311 1359 33.
330 1328 359 1350 et
375 1330 390 1360 3
419 1343 427 1351 .

216 1361 368 1394 Proculus
382 1331 545 1402 geganius
560 1364 760 1403 Macerinus,
778 1364 903 1403 consul,
920 1375 956 1406 4,
976 1373 1026 1397 12.

214 1406 257 1436 T.
274 1406 450 1445 Geganius,
467 1407 591 1444 consul,
609 1417 641 1444 2,
660 1417 713 1447 34.

215 1449 263 1479 St.
281 1449 416 1487 Gellius,
431 1450 498 1480 vid.
515 1450 647 1481 Statius.

214 1491 340 1523 Gellius
354 1493 521 1533 Egnatius,
537 1493 604 1523 vid.
621 1493 787 1532 Egnatius.

215 1534 253 1566 L.
269 1535 406 1573 Gellius,
423 1536 546 1573 consul,
565 1537 650 1576 Epit.
668 1538 721 1574 96.

215 1578 311 1617 Gelo,
335 1579 484 1610 Hieronis
508 1579 607 1615 filius,
634 1579 742 1609 deficit
766 1577 807 1607 ad
829 1577 958 1612 Poenos,
976 1585 1030 1615 23,
1057 1585 1108 1613 30.
1131 1584 1217 1606 mors
1239 1574 1308 1612 ejus
1330 1574 1413 1606 adeo

257 1628 453 1661 opportuna,
476 1629 512 1653 ut
537 1629 661 1662 patrem
683 1629 812 1660 quoque
835 1619 1013 1659 suspicione
1036 1619 1210 1658 adspergat,
1232 1617 1303 1648 ibid.
1326 1618 1410 1656 ejus,

259 1664 340 1695 dum
354 1665 485 1701 viveret,
502 1665 535 1695 in
553 1665 641 1695 cultu
658 1664 835 1702 habituque
850 1662 1016 1698 modestia,
1034 1671 1086 1701 24,
1106 1668 1134 1701 5.

214 1706 387 1738 Geminius
411 1708 542 1744 Metius,
558 1707 724 1747 praesefius
747 1706 894 1745 equitum
907 1704 1180 1739 Tusculanorum,
1198 1703 1256 1733 init
1274 1712 1351 1733 curn
1364 1702 1405 1733 T.

258 1750 384 1781 Manlio
399 1750 555 1790 singulare
570 1757 746 1787 certarnen,
764 1751 796 1785 8,
814 1757 844 1786 7.
867 1749 1018 1784 vincitur,
1030 1754 1062 1778 et
1076 1747 1275 1784 interficitur,
1293 1745 1365 1776 ibid.

216 1791 321 1823 Genio
336 1794 407 1824 Deo
419 1794 563 1834 quinque
577 1793 714 1832 majores
727 1792 838 1822 hostiae
853 1792 955 1828 caesae,
972 1801 1025 1827 21,
1043 1793 1095 1822 62.

215 1835 332 1866 Genua
347 1838 432 1873 urbs,
448 1847 501 1873 21,
520 1846 570 1874 32.
593 1837 718 1875 capitur
733 1845 752 1864 a
765 1835 918 1873 Magone,
933 1833 1104 1864 Amilcaris
1121 1832 1200 1869 filio,
1218 1832 1271 1868 28,
1288 1830 1342 1871 46.
1366 1830 1407 1861 ab

258 1887 296 1908 eo
311 1879 427 1916 diruta,
445 1879 662 1909 exaedificatur
676 1888 695 1908 a
709 1878 877 1915 Romanis,
897 1886 949 1915 30,
970 1886 998 1907 1.

215 1919 252 1950 C.
270 1920 449 1958 Genucius,
468 1923 547 1951 inter
563 1923 682 1961 primos
698 1930 831 1961 augures
845 1930 863 1950 e
879 1919 971 1959 plebe
987 1924 1121 1955 creatos,
1143 1927 1194 1954 10,
1212 1927 1240 1956 9-

215 1962 276 1994 Cn.
293 1963 473 2001 Genucius,
491 1965 638 1994 tribunus
654 1964 767 2003 plebis,
784 1964 873 1993 domi
888 1963 953 1993 suae
969 1962 1102 1998 occisus,
1120 1971 1150 1997 2,
1168 1968 1220 1998 54.

214 2006 276 2037 Cn.
291 2007 456 2037 Genucius
471 2006 624 2046 plebeius,
637 2007 785 2036 tribunus
800 2005 944 2036 militum
960 2004 1116 2034 consulari
1134 2002 1297 2041 potestate,
1310 2008 1341 2040 5,
1360 2009 1408 2039 ¹3·

257 2049 375 2079 iterum
401 2050 547 2080 tribunus
568 2049 725 2085 militum,
745 2051 795 2079 18.
819 2048 1034 2088 praecipitatus
1061 2047 1094 2076 in
1121 2045 1262 2081 infidias,
1280 2049 1353 2074 ante
1370 2044 1409 2073 fi-

258 2101 323 2131 gna
337 2092 418 2122 inter
434 2093 588 2131 primores
604 2092 703 2128 cadit,
720 2091 792 2121 ibid.

214 2133 276 2164 Cn.
294 2135 472 2171 Genucius,
489 2133 614 2171 consul,
630 2142 661 2171 7,
681 2144 710 2173 3.

214 2177 251 2207 L.
268 2177 446 2215 Genucius,
461 2187 500 2207 ex
517 2177 609 2217 plebe
624 2176 747 2213 consul,
766 2183 798 2213 7,
818 2185 846 2206 1.
870 2174 1048 2204 secundum
1066 2171 1188 2208 consul,
1205 2181 1237 2210 4.
1262 2170 1407 2202 adversus

258 2219 416 2251 Hernicos
431 2219 600 2261 profefi'tus,
616 2219 701 2250 male
717 2228 784 2249 rem
798 2218 888 2258 gerit,
906 2217 937 2247 6.
963 2216 1165 2251 interficitur,
1182 2214 1256 2244 ibid.
1315 2256 1321 2262 ι

214 2262 252 2293 L.
269 2263 448 2301 Genucius,
464 2263 611 2294 tribunus
627 2262 741 2302 plebis,
756 2262 815 2292 fert
831 2261 871 2291 ad
886 2259 1057 2300 populum,
1074 2267 1114 2289 ne
1129 2258 1281 2289 foenerare
1300 2255 1407 2292 liceat,

261 2313 294 2342 7,
310 2315 365 2344 42-

217 2347 253 2378 L.
269 2348 446 2385 Genucius,
463 2347 586 2384 consul,
606 2357 656 2384 10,
677 2357 704 2377 1.

216 2391 252 2421 Ι..
268 2391 448 2428 Genucius,
465 2391 505 2421 ad
521 2400 628 2431 regem
643 2390 826 2431 Syphacem
837 2387 973 2429 legatus,
992 2394 1045 2424 27,
1062 2396 1095 2426 4.
