1572 2616
494 157 865 188 HISTORIARUM
891 157 1094 185 LIBROS.
1300 154 1379 202 105

189 239 307 278 Greges
322 239 354 268 in
370 237 445 269 luco
460 239 500 269 ad
517 239 655 268 Laciniae
669 237 808 269 Junonis
822 237 887 268 fine
907 237 1035 268 custode
1057 236 1232 277 pascentes,
1250 243 1282 268 et
1295 237 1379 273 ultro

233 283 272 312 ad
286 282 407 312 stabula
421 283 600 317 redeuntes,
620 291 672 320 24,
687 291 714 320 3.

188 325 423 362 Grumentum,
441 326 590 355 Lucaniae
610 325 782 364 oppidum,
800 334 854 363 23,
873 332 925 363 37.
950 332 1003 361 27,
1019 333 1073 364 41.

188 369 334 404 Gulufla,
351 368 435 398 filius
452 368 635 405 Mafiniffae,
650 378 668 397 a
684 375 770 407 patre
786 368 926 398 Romam
944 368 1092 404 mittitur,
1109 376 1164 406 42,
1183 376 1233 406 23.
1250 366 1378 406 respon-

230 412 282 441 det
297 411 408 450 legatis
424 411 734 450 Carthaginiensium
759 412 798 442 de
822 418 908 450 patre
930 411 1151 450 querentibus,
1168 421 1218 451 24.
1242 410 1378 440 dimitti·

230 460 282 484 tur
297 464 374 484 cum
390 455 494 491 donis,
512 455 583 484 ibid.
607 456 685 484 redit
702 455 822 493 legatus
837 455 991 492 Romam,
1007 464 1063 494 43,
1081 464 1110 494 3.

188 497 402 536 Gymnasium
420 499 612 538 Cynosarges
628 500 776 535 Athenis,
791 508 844 537 31,
861 508 912 539 24.

185 556 229 563 —-
244 541 406 580 Cylarabis
422 543 525 581 Argis,
543 551 594 581 34,
614 543 664 571 2.6

185 584 361 624 Gymnasia
375 584 623 615 Tarentinorum
635 585 728 622 jubet
744 584 870 615 occludi
884 585 1032 625 Pyrrhus,
1051 594 1102 625 29,
1124 593 1172 622 19.

184 627 380 667 Gymnefiae,
397 628 540 658 Baleares
559 628 775 668 appellantur,
797 630 873 668 quia
892 629 1034 659 aestatem
1059 628 1138 658 nudi
1161 631 1276 667 agunt,
1292 624 1378 666 Epit.

230 671 280 700 60.

185 713 322 753 Gyrton,
339 714 425 750 urbs,
442 715 496 751 36,
517 723 564 744 10.
587 724 642 754 42,
661 724 712 754 54.

186 756 360 797 Gythium,
383 757 455 787 urbs
478 757 595 794 valida,
620 758 838 797 omniumque
854 758 1089 788 maritimarum
1107 766 1214 787 rerum
1230 755 1379 786 Lacedae-

229 800 347 830 moniis
373 800 623 838 receptaculum,
650 811 701 840 34,
731 811 780 839 29.
805 803 929 841 capitur
952 811 971 831 a
993 801 1033 832 T.
1060 801 1209 838 Quintio,
1225 799 1297 830 ibid.
1321 808 1379 839 op-

230 850 390 883 pugnatur
406 853 424 874 a
440 844 579 882 Nabide,
598 851 629 874 et
644 845 782 884 capitur,
799 853 852 885 35,
870 853 922 882 27.

185 1174 471 1228 HADR1A‚vid.
489 1193 594 1224 Adria.

184 1234 333 1274 Haemus,
353 1236 416 1266 vid.
434 1237 562 1267 AEmus.

187 1278 395 1316 Haliacmon,
410 1279 540 1316 fluvius,
554 1289 609 1319 42,
628 1288 679 1319 53.

186 1321 363 1359 Haliartus,
385 1323 556 1362 oppidum,
573 1334 627 1363 42,
644 1323 696 1363 46.
723 1328 751 1352 et
772 1323 824 1362 56.
847 1328 1073 1362 oppugnatum
1090 1329 1120 1353 et
1133 1329 1267 1363 captum
1281 1331 1301 1352 a
1315 1321 1379 1352 Ro.

231 1367 348 1402 manis,
367 1367 418 1403 63.
442 1367 575 1396 diruitur
591 1376 609 1396 a
622 1366 854 1403 fundamentis,
871 1366 944 1397 ibid.

187 1407 345 1445 Haliartii,
362 1419 417 1447 42,
435 1419 488 1448 44.

185 1451 435 1489 Halicarnassus,
451 1452 575 1489 civitas,
595 1459 647 1490 37,
671 1461 718 1482 ιο.
736 1458 764 1480 et
785 1453 836 1481 16.

185 1494 483 1531 Halicarnaffenses,
500 1505 550 1534 33,
569 1505 618 1525 2ο

184 1538 299 1577 Halys
317 1538 445 1574 fluxius,
466 1540 518 1576 38,
539 1539 586 1568 16
605 1545 664 1567 et
650 1546 701 1578 5.

184 1581 301 1610 Hamae
319 1581 432 1610 absunt
447 1591 466 1611 a
482 1582 594 1611 Cumis
608 1582 666 1611 tria
683 1580 786 1611 millia
800 1579 958 1620 passuum,
978 1590 1030 1619 23,
1049 1589 1101 1621 35.
1125 1581 1242 1612 Hamis
1258 1582 1376 1612 statum

227 1624 429 1660 sacrificium,
446 1630 476 1654 et
493 1624 687 1654 nofflirnum
702 1625 840 1660 sacrum,
857 1623 927 1654 ibid.

183 1666 362 1703 Hamilcar,
376 1667 442 1697 vid.
459 1667 613 1697 Amilcar.

182 1709 406 1750 Hampsicora,
425 1711 572 1750 princeps
586 1710 753 1748 Sardiniae,
770 1710 902 1740 molitur
916 1709 1140 1747 defeffionem,
1158 1721 1210 1750 23,
1225 1721 1275 1750 32.
1298 1721 1376 1742 con-

226 1753 325 1783 sciscit
344 1754 397 1783 sibi
415 1761 566 1789 mortem,
582 1764 636 1793 41.

183 1795 361 1832 Hannibal,
378 1797 444 1826 vid.
460 1797 612 1827 Annibal.

183 1838 317 1875 Hanno,
343 1841 488 1879 princeps
513 1839 659 1869 faffionis
685 1838 828 1868 Barcinis
852 1839 1006 1875 inimicae,
1033 1839 1151 1876 censet,
1177 1840 1374 1872 Annibalem

227 1883 425 1912 mittendum
443 1893 507 1913 non
524 1883 583 1912 esse
600 1884 631 1912 in
650 1882 852 1921 Hispaniam,
872 1893 924 1920 21,
943 1892 972 1920 3.
997 1882 1180 1913 dedendum
1206 1884 1374 1923 Romanis,

226 1936 258 1966 9.
283 1935 396 1965 pacem
421 1926 592 1965 petendam
609 1926 649 1955 ab
665 1925 819 1955 Romanis
840 1926 907 1965 post
923 1925 1124 1956 Cannensem
1143 1936 1299 1966 pugnam,
1319 1938 1373 1967 23,

231 1978 280 2006 13.

181 2012 315 2047 Hanno,
334 2011 521 2042 Bomilcaris
543 2012 575 2041 F.
593 2012 716 2041 strenue
739 2021 808 2041 rem
828 2011 907 2050 gerit
932 2012 965 2041 in
989 2011 1118 2041 transitu
1137 2012 1299 2052 Rhodani,
1317 2024 1371 2054 21,

227 2064 277 2092 27.
296 2061 323 2084 et
337 2057 387 2085 28.

181 2098 303 2128 Hanno
329 2098 361 2127 in
386 2097 538 2137 Hispania
562 2098 607 2126 cis
633 2097 762 2127 Iberum
784 2097 823 2127 ab
851 2097 1010 2127 Annibale
1037 2098 1221 2137 praeficitur,
1246 2109 1299 2137 21,
1318 2111 1369 2140 23,

226 2141 344 2170 ibidem
361 2151 378 2170 a
392 2141 451 2170 Cn.
470 2141 619 2179 Scipione
635 2142 773 2170 vincitur
785 2149 815 2170 et
829 2142 964 2180 capitur,
983 2142 1034 2171 60.

182 2184 315 2221 Hanno,
334 2184 449 2214 nobilis
464 2185 742 2222 Carthaginiensis,
757 2186 881 2223 capitur
897 2185 927 2213 in
944 2185 1100 2220 Sardinia,
1120 2194 1171 2222 23,
1188 2195 1243 2223 4¹·

183 2227 316 2262 Hanno,
332 2227 431 2257 viEIus
454 2234 485 2257 et
511 2227 618 2266 pulsus
640 2228 757 2257 finibus
784 2228 918 2257 Lucanis
933 2237 951 2256 a
966 2228 1016 2257 Ti.
1034 2229 1224 2266 Sempronio
1248 2229 1370 2270 Longo,

226 2270 291 2299 abit
309 2270 340 2299 in
360 2271 507 2306 Bruttios,
525 2281 577 2309 23,
597 2279 647 2308 37.
673 2272 772 2308 copiis
788 2271 899 2300 auctus
913 2271 992 2300 redit
1015 2271 1148 2307 Nolam,
1163 2279 1192 2300 et
1210 2282 1286 2303 cum
1304 2275 1372 2305 No-

227 2313 308 2342 lanis
322 2312 526 2352 colloquitur,
541 2323 595 2353 43.
620 2315 652 2343 in
672 2315 807 2344 Bruttios
832 2314 1014 2349 remittitur,
1028 2315 1080 2352 46.
1105 2314 1144 2343 ad
1159 2315 1370 2349 ‹lcfeetionem

225 2355 371 2386 sollicitat
398 2356 524 2386 Graecas
548 2358 639 2386 urbes
662 2359 694 2387 in
719 2358 859 2392 Bruttiis,
885 2367 936 2396 24,
958 2367 983 2387 1.
1013 2357 1092 2386 inter
1119 2358 1314 2390 Hannonem
1339 2369 1370 2391 ct

227 2399 415 2431 Gracchum
431 2401 509 2432 acris
524 2409 633 2441 pugna
648 2401 687 2430 ad
703 2401 937 2438 Beneventum,
960 2410 1007 2440 14.
1026 2407 1053 2429 et
1073 2409 1119 2440 ¹5·
1145 2401 1285 2433 sublevat
1301 2405 1370 2434 ino-

752 2443 808 2482 1³5
