1572 2616
439 154 812 186 ms'romARUM
849 154 1054 184 mimos.
1262 155 1340 200 133

193 243 243 275 32.
270 234 493 276 proficiscitur,
516 246 569 276 49.
594 235 680 267 male
706 242 828 276 pugnat
852 235 997 266 adversus
1021 234 1140 272 Persea,
1159 235 1212 275 58.
1234 242 1264 266 et
1289 243 1343 276 59.

191 288 308 319 pacem
332 282 465 320 petenti,
483 281 589 310 Perseo
606 287 712 320 negat,
731 281 782 310 62.
807 279 904 310 altera
919 281 986 317 ejus
1002 288 1109 319 pugna
1126 288 1202 309 cum
1220 279 1342 317 Perseo,

190 322 322 353 meliore
346 332 476 361 eventu,
497 324 548 354 66.
573 324 741 354 crudeliter
761 324 800 353 ab
817 333 855 353 eo
871 332 1029 362 avareque
1046 323 1078 352 in
1096 322 1220 353 Graecia
1243 322 1344 353 bella·

188 371 275 403 turn,
300 375 355 405 43,
378 378 409 407 4.
433 367 556 407 legatus
582 368 621 397 ad
647 367 759 398 Gallos
783 368 816 397 in
840 366 961 405 Asiam,
977 376 1034 407 45,
1060 375 1111 405 34.
1135 366 1342 404 interimitur,

189 408 272 448 Epit.
311 420 342 448 9.

143 451 177 482 P.
195 417 335 483 Licini5us
351 453 475 492 Tegula
490 462 621 483 carmen
638 453 761 490 condit,
779 453 865 493 quod
889 454 928 484 ab
952 460 999 484 ter
1016 452 1150 484 novenis
1165 452 1344 492 virginibus

187 496 258 525 cani
272 495 402 533 jussum,
422 506 474 535 31,
495 507 544 527 12.

143 538 178 569 P.
196 538 337 570 Licinius
353 540 467 577 Varus,
483 539 584 570 aedilis
608 539 740 577 curulis,
757 548 811 577 27,
830 541 859 571 6.
883 547 1010 581 praetor,
1029 550 1078 571 21.

143 582 199 622 Sp.
219 582 374 622 Licinius,
388 584 534 614 tribunus
547 583 661 623 plebis,
675 583 802 624 suscipit
816 593 884 615 rem
901 585 1074 616 militarem
1085 583 1347 624 impediendam,

187 635 218 661 2,
234 635 287 666 43.

143 668 285 705 Licinus,
300 669 365 700 vid.
385 669 417 700 L.
436 670 565 701 Porcius
581 670 724 702 Licinus.

144 712 282 742 Lielores
298 722 316 742 a
332 713 475 744 Romulo
493 715 625 744 instituti
642 714 828 752 duodecim,
849 723 880 751 ι,
897 715 927 745 8.

142 771 185 778 -
200 763 338 794 quatuor
350 763 380 786 et
396 757 505 796 viginti
523 766 676 797 apparent
690 758 888 795 consulibus,
904 769 935 792 2,
954 763 1006 797 55.

142 814 186 821 —
202 799 458 830 decemvirorum
475 810 607 830 cenrum
623 809 653 830 et
669 802 781 840 viginti
795 801 902 831 forum
919 801 1070 840 implent,
1087 809 1119 839 3,
1136 801 1188 840 36.

142 858 185 864 —
201 849 342 881 praeeunt
358 843 632 882 proficiscentibus
645 845 683 874 ad
699 844 837 882 bellum,
860 854 909 881 10,
925 852 976 884 25.
999 853 1052 883 41,
1075 853 1122 883 14.

143 885 246 915 Lifflor
261 886 394 916 Horatio
408 886 561 927 laqueum
579 887 696 926 injicit,
713 898 743 926 1,
762 889 813 920 26.
838 887 955 928 deligat
970 888 1009 917 ad
1026 886 1152 927 palum,
1169 885 1243 916 ibid.
1260 892 1288 916 et
1304 886 1337 925 8,

188 935 217 965 7.
233 928 298 959 vid.
317 936 344 958 et
359 931 411 967 26,
433 932 481 961 ι6.

141 986 185 994 -
199 972 347 1011 Sulpicii,
365 973 482 1004 tribuni
508 973 665 1012 militurn,
682 974 721 1005 de
736 974 805 1004 foro
825 974 963 1004 domum
980 973 1009 1004 se
1025 973 1218 1014 recipientis,
1234 973 1336 1004 forem

183 1015 270 1054 virga
287 1017 436 1055 percutit,
454 1017 487 1053 6,
504 1026 555 1056 34.

142 1057 248 1097 Lignis
262 1068 371 1089 carens
389 1066 480 1098 terra,
498 1061 550 1098 38,
568 1060 617 1090 18.

142 1101 282 1141 Ligures,
299 1103 423 1142 populi,
442 1110 473 1143 5,
493 1111 544 1143 35.
568 1104 601 1133 in
626 1103 754 1142 Ligures
777 1103 872 1142 legati
897 1101 979 1132 miffi
995 1103 1032 1132 ad
1051 1101 1336 1142 expostulandum,

183 1147 268 1184 quod
286 1146 399 1176 Poenos
415 1146 530 1186 opibus
546 1147 734 1186 auxiliisque
753 1146 917 1185 juvissent,
936 1155 987 1182 22,
1007 1155 1058 1185 33.
1082 1155 1194 1176 eorum
1218 1145 1339 1175 auxilia

181 1188 352 1220 Asdrubali
377 1196 498 1229 parata,
524 1197 576 1227 27,
602 1200 653 1229 3⁹.
681 1190 823 1229 jungunt
848 1190 877 1219 se
902 1190 1050 1230 Magoni,
1076 1190 1130 1226 28,
1154 1191 1208 1228 46.
1233 1198 1287 1228 29,
1304 1197 1335 1229 5.

182 1231 327 1263 adversus
344 1232 472 1273 Ligures
487 1235 574 1263 varia
587 1233 809 1265 Romanorum
823 1233 921 1272 bella,
937 1243 991 1272 32,
1008 1243 1060 1274 ²9·
1075 1232 1194 1275 etseqq.
1213 1242 1266 1272 34,
1282 1233 1334 1272 56.

183 1284 236 1316 35,
256 1286 284 1314 3.
303 1285 350 1306 11.
366 1285 417 1307 21.
434 1283 465 1307 et
503 1287 535 1308 0.

139 1317 281 1357 Ligures,
312 1286 502 1359 improviso4
512 1321 612 1351 castra
640 1320 680 1351 Q.
705 1320 844 1351 Minucii
880 1319 1023 1360 adgreffi,
1055 1319 1249 1356 funduntur,
1279 1320 1332 1358 36,

137 1420 181 1426 —-
194 1414 308 1435 omnes
324 1406 357 1436 in
373 1405 571 1436 deditionem
587 1407 734 1442 veniunt,
753 1413 806 1445 37,
824 1416 853 1438 2.

137 1463 182 1470 -
196 1449 456 1479 circumveniunt
468 1456 498 1479 et
514 1449 668 1479 occidunt
685 1450 718 1479 L.
737 1450 896 1483 Baebium,
913 1455 1095 1489 praetorem,
1115 1456 1166 1486 37,
1183 1456 1233 1488 57.

138 1507 181 1514 -
197 1492 300 1522 hostes
322 1494 463 1531 perpetui
489 1492 599 1533 populi
624 1493 777 1530 Romani,
807 1499 837 1523 et
860 1493 1040 1523 exercendo
1063 1492 1159 1522 militi
1183 1492 1332 1522 Romano

181 1537 326 1574 apprime
343 1536 449 1574 utiles,
468 1545 522 1575 39,
540 1546 566 1566 1.
590 1537 759 1567 caeduntur
774 1545 793 1566 a
810 1536 977 1573 Romanis,
996 1545 1047 1574 32.

136 1593 180 1600 —
196 1579 294 1608 castra
312 1579 345 1609 L.
362 1579 502 1616 AEmilii‚
527 1579 738 1620 proconsulis,
754 1586 956 1620 oppugnant,
980 1586 1010 1610 et
1033 1587 1116 1618 aegre
1140 1578 1180 1608 ab
1204 1588 1241 1608 eo
1262 1579 1333 1608 vin-

179 1630 307 1656 cuntur,
324 1631 379 1662 40,
399 1625 566 1664 25.et1.8.

134 1679 179 1686 —
194 1664 253 1695 sese
285 1666 418 1704 dedunt,
447 1673 478 1696 et
508 1667 541 1697 in
570 1665 762 1697 Taurafinos
800 1665 931 1707 publico
961 1666 1070 1697 sumtu
1106 1665 1331 1703 traducuntur,

136 1749 198 1780 alia
212 1751 366 1791 Ligurum
382 1751 478 1789 bella,
495 1762 551 1792 41,
571 1754 620 1783 ι6.
643 1753 692 1784 18.
710 1762 761 1785 20.
779 1752 897 1796 erseqq.

135 1793 263 1833 Ligures
278 1794 402 1835 Alpini,
422 1798 474 1833 28,
493 1797 544 1836 56.
571 1806 623 1835 29,
642 1804 673 1837 5.

134 1852 178 1858 —
194 1838 335 1877 Apuani,
350 1848 404 1877 40,
422 1849 476 1878 41.

135 1895 179 1902 ——
194 1880 361 1918 Celeiates,
378 1882 583 1921 Cerdiciates,
598 1892 652 1922 32,
673 1891 723 1924 29.

135 1939 177 1946 ——
195 1923 289 1957 Galli.
310 1924 392 1964 Epit.
410 1928 463 1965 46.

136 1982 178 1989 -
195 1967 323 2004 Ilvates,
343 1978 396 2007 32,
415 1979 465 2009 29.

134 2026 178 2032 —
194 2010 345 2050 Ingauni,
362 2021 417 2051 40,
433 2022 484 2053 25.

133 2069 178 2075 —
194 2061 355 2090 montani,
372 2064 426 2094 40,
443 2065 496 2094 41.

136 2112 179 2119 —
194 2097 384 2128 Statiellares
400 2100 574 2129 vincuntur
589 2097 629 2128 ab
647 2097 694 2128 M.
709 2097 844 2137 Popillio
865 2096 1008 2135 consule,
1023 2107 1079 2138 42,
1096 2105 1125 2135 7.
1150 2097 1178 2129 se
1192 2098 1329 2139 dedunt,

182 2140 212 2170 8.
229 2141 372 2170 venditos
388 2142 514 2172 senatus
526 2141 619 2179 jubet
636 2142 761 2177 redimi,
779 2140 851 2170 ibid.

137 2181 288 2221 Ligustini
304 2186 427 2223 populi,
446 2195 498 2224 31,
522 2194 569 2216 ιο.
595 2195 647 2224 39,
667 2194 717 2215 21.
743 2184 893 2224 Ligustini
911 2184 1039 2222 Ilvates,
1057 2194 1110 2224 32,
1129 2195 1180 2224 3¹.

135 2225 287 2264 Ligustini
306 2235 444 2265 montes,
463 2238 515 2269 34,
533 2230 561 2259 8.

137 2268 336 2307 Ligustinum
352 2271 488 2307 bellum,
508 2279 559 2311 35,
575 2281 606 2310 4.
631 2271 772 2307 scutum,
787 2281 842 2311 44,
859 2278 909 2311 35.

136 2311 317 2351 Ligustinus
333 2322 404 2352 ager
418 2315 536 2344 viritim
551 2315 680 2351 divisus,
695 2325 750 2352 42,
768 2325 800 2354 4.

135 2355 190 2394 Sp.
210 2355 400 2394 Ligustinus,
414 2366 468 2395 42,
487 2367 537 2396 34.
562 2357 630 2395 ejus
645 2359 685 2389 ad
701 2358 861 2399 populum
877 2358 990 2396 oratio,
1004 2356 1076 2386 ibid.

135 2397 328 2439 Lilybaeum,
348 2408 400 2440 25,
417 2410 469 2439 31.
493 2408 546 2438 27,
561 2410 590 2441 5.
