1572 2616
208 126 264 166 66
553 135 717 166 INDEX
755 135 808 163 IN
846 135 891 164 Τ.
916 135 1048 164 mvn
1092 169 1095 170 ⁷

252 215 399 246 tribunus
422 214 580 253 militum,
598 215 631 245 in
655 215 883 245 Macedoniam
906 214 1124 254 proficiscitur,
1140 223 1196 254 42,
1212 223 1263 254 49.
1286 213 1390 244 ⁴aedilis

254 258 386 297 curulis,
402 268 457 298 44,
476 258 686 297 18.1egatusa
703 258 812 288 Paullo
830 257 965 288 AEmilio
980 258 1020 288 ad
1037 258 1153 294 Persea,
1170 264 1221 296 45,
1238 268 1270 296 4.

208 302 242 333 P.
259 301 426 332 Cornelius
451 301 693 341 Maluginensis,
720 301 865 332 tribunus
888 300 1031 332 militum
1052 300 1206 331 consulari
1229 301 1391 340 potestate,

252 355 286 383 4,
305 347 357 375 61.
383 354 414 385 5,
440 347 488 375 16.

207 389 243 419 P.
259 388 425 418 Cornelius
444 387 640 424 Mammula,
656 393 782 426 praetor,
800 387 924 417 sortitur
934 385 1090 424 Siciliam,
1107 396 1161 426 40,
1175 393 1228 426 35.

207 431 424 462 P.<Cornelius
440 431 607 468 Merenda,
625 431 812 460 candidatus
828 429 1024 466 consulatus,
1043 440 1095 466 22,
1113 437 1164 469 35.

209 475 243 506 P.
259 475 428 505 Cornelius
445 474 594 512 Rufinus,
611 473 744 503 di6tator
759 473 836 503 vitio
853 480 989 510 creatus,
1007 473 1134 503 abdicat
1149 472 1179 502 se
1196 472 1392 511 magistratu,

256 519 289 554 8,
310 527 321 548 1
332 527 360 555 7.

209 560 244 592 P.
262 560 430 591 Cornelius
445 559 585 599 Scapula
598 559 707 590 consul
724 566 858 594 creatur,
877 560 909 596 8,
928 569 980 590 22.

210 605 243 636 P.
261 604 428 634 Cornelius
450 604 557 642 Scipio
574 613 592 633 a
610 602 760 633 dictatore
777 602 916 632 Camillo
932 603 1078 640 magister
1094 602 1241 641 equitum
1265 600 1393 636 dicitur,

256 656 288 688 5,
309 657 358 688 19.
383 647 530 676 tribunus
552 645 696 677 militum
724 645 880 676 consulari
904 646 1056 686 potestate
1072 651 1206 681 creatur,
1222 653 1274 683 24.
1300 644 1396 674 inter-

256 700 313 720 rex
329 697 464 727 creatur,
482 699 497 728 3
508 699 534 720 1.

300 733 437 763 interrex
455 734 582 769 iterum,
599 732 632 768 6,
653 741 681 762 1.

210 776 245 807 P.
257 776 425 807 Cornelius
441 776 561 815 Scipio,
579 776 701 815 primus
717 773 816 805 aedilis
831 773 963 812 curulis,
982 781 1013 811 7,
1030 783 1058 805 1.
1074 774 1220 813 magister
1236 772 1397 812 equitum,

213 862 249 892 P.
265 829 433 892 gornelius
448 861 567 900 Scipio,
585 860 729 897 difflator,
744 872 775 901 9,
793 870 846 901 44.

211 905 247 937 P.
263 905 431 938 Cornelius
453 905 562 944 Scipio
588 903 697 942 Asina,
722 905 873 941 interrex,
899 913 954 940 22,
979 912 1033 943 34.
1054 911 1169 934 omnes
1190 902 1290 935 duces
1309 909 1403 936 exer·

255 947 404 988 citusque
428 954 496 980 tota
518 957 562 979 ex
582 947 677 980 ltalia
698 947 740 979 ad
762 946 848 979 urbis
867 945 1047 988 praefidium
1071 946 1266 977 revocandos
1282 946 1400 983 censet,

258 993 313 1030 26,
331 993 363 1022 8.

211 1035 247 1066 Ρ.
264 1034 431 1066 Cornelius
453 1035 573 1074 Scipio,
589 1033 714 1071 consul,
734 1044 786 1071 21,
804 1034 837 1064 6.
857 1033 945 1064 venit
962 1031 1145 1069 Maffiliam,
1164 1033 1216 1062 26.
1239 1041 1316 1062 cum
1332 1032 1403 1062 An-

258 1078 366 1108 nibale
381 1078 530 1117 congredi
557 1078 589 1107 in
613 1077 719 1108 Gallia
742 1078 885 1116 cupiens,
907 1086 986 1107 eum
1001 1075 1117 1114 assequi
1134 1085 1200 1104 non
1216 1076 1327 1114 potest,
1346 1085 1399 1112 32.

257 1122 370 1160 repetit
395 1122 558 1158 Genuam,
576 1121 647 1150 ibid.
671 1121 795 1150 festinat
817 1121 856 1149 ad
880 1119 1015 1155 Padum,
1031 1128 1082 1158 39.
1113 1125 1224 1148 movet
1245 1118 1344 1147 castra
1359 1117 1399 1147 ad

257 1164 414 1194 Ticinum
430 1173 576 1200 amnem,
594 1163 665 1193 ibid.
698 1163 767 1201 ejus
782 1163 821 1192 ad
837 1162 953 1193 milites
968 1161 1159 1197 adhortatio,
1174 1170 1227 1200 40.
1253 1160 1402 1191 vulnera-

258 1213 310 1237 tur
326 1208 360 1237 in
377 1216 485 1246 pugna
500 1207 632 1245 equestri
649 1207 688 1235 ad
699 1206 868 1242 Ticinum,
884 1206 940 1245 46.
965 1204 1082 1234 recedit
1097 1203 1179 1234 ultra
1194 1203 1330 1240 Padum,
1346 1210 1401 1241 47.

258 1259 336 1280 eum
363 1249 502 1289 sequitur
517 1249 672 1287 Annibal,
688 1249 759 1278 ibid.
784 1249 901 1279 recedit
917 1248 956 1279 ad
970 1247 1135 1284 Trebiam,
1151 1248 1206 1286 48.
1229 1246 1366 1276 dissentit
1382 1256 1402 1276 a

260 1292 396 1331 collega,
411 1302 553 1332 pugnare
569 1293 730 1332 cupiente,
750 1300 801 1331 52.
817 1298 848 1322 et
862 1298 914 1332 53.

301 1335 395 1365 classe
407 1335 574 1365 advehitur
587 1336 620 1365 in
637 1335 839 1374 Hispaniam,
856 1345 910 1373 22,
926 1344 978 1366 22.
992 1333 1076 1363 fratri
1092 1331 1313 1372 conjungitur,
1328 1331 1400 1362 ibid.

257 1378 324 1409 vid.
340 1379 401 1408 Cn.
415 1378 582 1408 Cornelius
599 1379 706 1417 Scipio
722 1378 852 1409 Calvus.

302 1421 381 1451 duas
397 1427 499 1460 partes
522 1421 679 1452 exercitus
699 1421 846 1451 adversus
867 1420 1043 1459 Magonem
1060 1419 1161 1455 ducit,
1179 1425 1234 1457 25,
1252 1428 1302 1457 32.
1333 1417 1406 1448 lan-

260 1473 319 1494 cea
332 1464 485 1501 trajicitur
497 1473 656 1503 pugnans,
669 1474 719 1504 34.
736 1463 805 1501 ejus
821 1472 907 1494 mors
923 1472 988 1494 non
1001 1463 1103 1501 magis
1119 1462 1242 1495 Romae,
1257 1470 1357 1501 quam
1370 1461 1405 1491 in

260 1507 429 1547 Hispania,
446 1506 572 1543 defleta,
593 1508 643 1544 36.

215 1550 250 1581 P.
267 1549 433 1580 Cornelius
450 1550 483 1579 P.
501 1550 536 1579 F.
554 1550 660 1588 Scipio
684 1556 806 1589 patrem
831 1549 865 1578 in
894 1557 1002 1588 pugna
1023 1547 1063 1577 ad
1084 1547 1240 1577 Ticinum
1256 1546 1401 1586 praesent'i

261 1592 403 1632 periculo
419 1592 522 1632 eripit,
541 1601 593 1628 21,
616 1593 669 1630 46.
695 1593 728 1621 in
756 1601 864 1631 pugna
886 1591 925 1621 ad
950 1591 1077 1621 Cannas
1095 1590 1240 1620 tribunus
1261 1589 1406 1619 militum

260 1636 301 1666 de
324 1635 447 1674 legione
471 1635 623 1669 secunda,
652 1645 704 1670 22,
724 1642 775 1674 53.
806 1634 1062 1672 conjurationem
1090 1633 1212 1672 aliquot
1242 1631 1403 1663 nobilium

261 1678 515 1709 adolescentium
533 1678 571 1707 de
587 1678 755 1708 deserenda
771 1676 862 1707 Italia
877 1677 1041 1714 disturbat,
1059 1676 1131 1707 ibid.

305 1729 381 1752 ante
398 1731 499 1751 annos
515 1721 551 1750 fit
567 1720 666 1750 aedilis
683 1721 815 1756 curulis,
831 1728 884 1760 25,
902 1729 932 1750 2.

305 1770 444 1804 quatuor
458 1771 488 1794 et
504 1764 617 1802 viginti
629 1773 734 1794 annos
755 1770 862 1800 natus,
880 1769 1003 1793 creatur
1017 1771 1036 1792 a
1049 1761 1168 1802 populo
1185 1760 1353 1801 proconsul
1371 1761 1404 1790 in

264 1808 469 1847 Hispaniam,
486 1808 540 1843 26,
562 1808 610 1837 18.
635 1808 704 1845 ejus
725 1813 804 1837 artes
828 1807 867 1837 ad
890 1805 1030 1846 paranda
1046 1805 1101 1835 sibi
1118 1805 1334 1835 multitudinis
1349 1804 1406 1834 ob-

264 1851 384 1890 sequia,
403 1861 452 1890 19.
469 1851 587 1880 milites
605 1851 800 1887 adhortatur,
816 1859 868 1889 41.
891 1858 958 1879 uno
974 1849 1025 1880 die
1042 1848 1268 1887 Carthaginem
1286 1856 1407 1877 novam

263 1894 365 1932 capit,
379 1895 518 1933 42—46.
535 1893 617 1922 bene
631 1893 729 1923 habet
752 1892 875 1922 obsides
891 1892 1063 1931 Hispanos,
1077 1901 1131 1932 49.
1154 1891 1298 1931 sponsam
1314 1889 1407 1920 Allu-

262 1937 305 1966 cii
322 1936 422 1966 servat
443 1936 572 1975 pudice,
586 1936 760 1975 sponsoque
775 1935 888 1973 reddit,
905 1944 955 1975 50.

310 1988 357 2009 res
378 1980 500 2018 egregie
524 1978 602 2018 gerit
625 1980 658 2008 in
680 1979 843 2018 Hispania,
863 1988 916 2015 27,
942 1986 989 2015 17.
1006 1983 1037 2007 et
1057 1977 1105 2007 18.
1129 1976 1252 2015 regium
1268 1984 1404 2012 nomen,

265 2021 323 2052 fibi
339 2022 379 2052 ab
397 2022 547 2061 Hispanis
564 2021 708 2052 delatum
724 2023 850 2058 abnuit,
870 2031 918 2061 ¹9·

309 2075 402 2095 novae
427 2065 496 2103 ejus
512 2066 544 2094 in
570 2064 724 2104 Hispania
747 2064 898 2100 vietoriae,
924 2065 976 2099 28,
997 2071 1089 2101 1—-4,
1113 2068 1144 2091 et
1164 2063 1299 2093 12——16-
1316 2060 1407 2100 pellit

266 2107 422 2147 Hispania
445 2108 732 2146 Carthaginienses,
748 2107 818 2136 ibid.
848 2107 887 2136 ad
915 2107 1097 2146 Syphacem
1118 2114 1197 2134 cum
1215 2106 1408 2143 quinquere-

268 2151 377 2181 mibus
399 2151 524 2180 duabus
555 2150 682 2187 trajicit,
704 2158 751 2186 17.
775 2149 888 2179 eodem
913 2149 994 2178 lecto
1019 2148 1103 2187 apud
1125 2148 1306 2187 Syphacem
1329 2156 1407 2178 cum

265 2193 439 2224 Asdrubale
462 2193 658 2223 accumbens
683 2199 800 2225 coenat,
828 2194 874 2222 ¹8.
898 2191 1079 2222 Asdrubalis
1104 2191 1143 2220 de
1166 2199 1204 2220 eo
1229 2190 1406 2228 judicium,

268 2236 340 2266 ibid.
356 2237 471 2266 foedere
488 2245 565 2266 cum
580 2237 727 2276 Syphace
745 2235 818 2271 teto,
837 2235 914 2265 redit
938 2235 969 2264 in
988 2234 1190 2273 Hispaniam,
1207 2233 1279 2264 ibid.
1309 2232 1406 2263 sumit

267 2289 378 2318 poenas
401 2280 439 2309 de
457 2279 687 2317 Illsturgstanis,
704 2277 995 2315 Castulonensibus,
1012 2276 1248 2316 Astapensibus,
1270 2285 1404 2314 19—23.

267 2323 349 2352 dum
364 2323 449 2361 gravi
471 2322 585 2352 morbo
600 2321 776 2361 implicitus
797 2320 975 2357 decumbit,
991 2320 1102 2350 seditio
1118 2320 1150 2350 in
1166 2319 1272 2350 castris
1290 2319 1330 2349 ad
1346 2319 1407 2349 Su-

267 2373 397 2395 cronem
412 2365 524 2403 oritur,
542 2374 640 2405 quam
656 2364 812 2405 sanguine
830 2364 958 2403 triginta
974 2363 1116 2403 quinque
1134 2363 1277 2394 maxime
1292 2361 1410 2393 noxio-.
