1572 2616
497 107 758 140 PA'rssrmffi
795 106 1012 135 GENTES.
1286 103 1344 145 49

476 318 777 361 AIMILIA
821 316 1020 359 GENS.

153 558 438 610 AIMILIAM
467 579 621 622 gentem
649 575 696 610 ab
724 573 880 611 Aimnio
900 572 1048 610 Ascanii
1076 574 1117 611 F.
1136 573 1262 612 Festus
1285 585 1347 610 or-

154 648 231 680 tam
250 641 396 678 scribit:
430 639 536 690 cujus
563 648 691 677 tamen
711 641 857 677 Aimilii
879 647 1014 689 praeter
1032 641 1180 678 Festum
1206 640 1346 685 nullus,

152 706 255 754 quod
273 705 427 754 quidem
446 705 574 748 sciam,
592 712 765 741 veterum
794 704 991 741 auctorum
1019 704 1204 741 meminit.
1260 704 1347 740 Plu-

155 769 303 806 tarchus
323 770 360 805 in
382 769 524 813 Paullo,
545 781 565 805 a
582 769 781 805 Mamerco
801 769 944 805 Numae
960 770 1054 817 regis
1075 768 1154 804 filio
1172 768 1348 804 Aimilios

156 833 330 869 deducit:
362 833 462 881 quod
492 845 538 869 eo
564 833 705 870 facilius
733 833 861 876 credo,
883 833 969 880 quia
989 832 1131 868 Aimilii
1159 832 1348 869 Mamerci

155 904 193 932 et
212 897 453 940 Mamercini,
473 909 492 932 a
510 898 630 945 gentis
660 897 826 945 principe
855 896 940 932 dicti
966 896 1063 932 sunt.
1124 896 1239 933 Quod
1258 908 1349 932 vero

155 960 270 1004 idem,
293 966 443 1008 propter
462 961 635 996 orationis
657 960 875 996 suavitatem
896 967 933 996 et
951 960 1135 1008 leporem,
1156 973 1270 1009 quam
1291 964 1348 997 αἶ·

155 1024 279 1069 μυλῖαν
300 1023 426 1059 Graeci
456 1031 602 1064 vocant,
637 1023 684 1059 fic
712 1024 922 1059 nominatos
950 1023 1074 1065 tradit,
1105 1023 1143 1058 id
1169 1022 1352 1059 subtiliter

155 1087 272 1135 magis
305 1098 418 1134 quam
448 1099 535 1123 vere
563 1087 707 1123 dictum
735 1088 943 1123 existimare
976 1087 1185 1123 debemus:
1225 1099 1349 1135 neque

154 1149 298 1187 sanein
318 1162 363 1186 ea
382 1163 467 1198 quae
497 1151 562 1187 isto
588 1152 702 1187 modo
730 1152 775 1187 ab
804 1151 963 1199 antiquis
990 1152 1184 1187 memoriae
1206 1152 1352 1199 prodita

155 1214 254 1257 sunt,
274 1214 384 1250 nimis
404 1215 599 1263 diligenter
619 1215 884 1263 inquirendum
912 1214 1069 1251 videtur.
1127 1216 1228 1251 Cum
1249 1217 1351 1252 enim

156 1279 193 1313 in
222 1278 332 1314 rebus
351 1277 444 1321 aliis,
466 1286 548 1314 turn
568 1280 604 1315 in
623 1280 726 1315 omni
756 1279 977 1327 antiquitate
994 1280 1090 1314 veris
1110 1279 1197 1315 falsa
1217 1279 1351 1328 adjun-

156 1343 214 1379 &a
246 1342 344 1385 sunt,
371 1355 456 1390 quae
485 1342 677 1391 dijudicari
706 1355 779 1379 non
810 1342 968 1391 poffunt.
1024 1343 1267 1379 Aimiliorum
1286 1356 1352 1381 au-

157 1412 235 1443 tem
255 1407 315 1442 alii
338 1407 565 1442 Mamercini
586 1406 685 1450 sunt,
704 1419 723 1443 a
743 1407 941 1443 Mamerco
961 1407 1094 1455 gentis,
1115 1415 1157 1443 ut
1176 1407 1351 1450 diximus,

157 1472 331 1509 auctore:
363 1471 423 1507 alii
454 1471 601 1519 Lepidi,
633 1484 653 1507 a
688 1471 868 1508 sermonis
898 1471 1051 1520 lepoi‘e:
1084 1471 1144 1507 alii
1175 1472 1304 1514 Paulli,
1331 1485 1352 1508 a

155 1534 287 1583 pusillo
319 1545 473 1582 corpore
507 1535 714 1570 nominati:
747 1534 934 1578 Barbulae,
969 1535 1067 1583 Papi,
1099 1535 1225 1570 Scauri
1261 1535 1347 1570 alii:

153 1607 273 1649 atque
298 1600 480 1648 postrema
509 1599 590 1636 haec
619 1599 772 1643 familia,
805 1600 842 1635 in
876 1612 949 1647 qua
979 1600 1133 1635 Scauros
1162 1600 1352 1636 constitui-

157 1675 254 1706 mus,
274 1662 416 1710 abjecta
436 1670 473 1698 ct
494 1670 684 1699 contemta
706 1663 834 1699 multis
862 1663 1031 1699 aetatibus
1051 1663 1124 1698 fine
1147 1663 1350 1699 honoribus

157 1734 195 1764 et
217 1728 486 1777 magistratibus
500 1726 631 1775 jacuit.
691 1728 833 1763 Primus
852 1728 912 1763 M.
934 1728 1091 1764 Scaurus
1111 1729 1350 1777 amplitlimos

158 1789 318 1826 honores
336 1790 388 1825 cst
408 1789 640 1826 consecutus.
670 1791 775 1826 Nam
793 1797 831 1825 et
850 1790 979 1826 consul
996 1791 1079 1832 fuit,
1100 1798 1136 1827 et
1155 1791 1297 1836 censor,
1313 1799 1351 1828 et

157 1855 328 1903 princeps
362 1854 506 1890 senatus
537 1854 651 1889 tribus
685 1854 805 1890 lustris
838 1862 981 1890 creatus
1012 1855 1089 1890 cst:
1130 1868 1201 1904 qua
1233 1856 1278 1892 de
1310 1869 1350 1893 re

160 1916 342 1954 Asconius
373 1918 410 1952 in
441 1918 606 1952 oratione
639 1929 705 1965 pro
739 1918 888 1954 Scauro.
948 1918 1047 1954 Diffi
1078 1918 1217 1962 Scauri,
1248 1920 1350 1967 quod

158 1979 250 2016 talos
269 1980 407 2028 pedum
429 1986 618 2016 tumentes
638 1980 831 2022 haberent,
853 1981 941 2017 teste
970 1982 1097 2023 Plinio,
1116 1982 1178 2018 lib.
1202 1984 1250 2019 xi.
1280 1995 1352 2019 un-

159 2042 207 2078 de
230 2043 421 2086 Horatius,
451 2044 633 2079 Scaurum
663 2045 782 2092 praxis
811 2045 948 2081 fultum
978 2045 1076 2081 male
1107 2045 1201 2088 talis,
1224 2046 1352 2094 Satyra

160 2108 268 2143 tertia
287 2108 390 2145 dixit.
449 2108 601 2157 Legitur
621 2116 726 2145 vetus
748 2109 935 2157 inscriptio
956 2110 990 2144 in
1013 2109 1075 2145 lib.
1093 2110 1351 2158 Epigramma-

158 2180 242 2210 tum
265 2174 365 2209 urbis
385 2175 562 2222 antiqnae,
586 2174 629 2210 L.
652 2175 798 2210 Aimilii
819 2173 913 2223 ejus,
933 2175 997 2223 qui
1020 2174 1151 2211 Persen
1168 2175 1350 2213 Macedo-

159 2252 254 2277 nem
274 2240 374 2284 vicit,
396 2252 509 2288 quam
529 2238 734 2289 subjiciam.
