1572 2616
250 203 349 243 220,
602 205 769 236 wnizx
803 207 859 236 m
891 208 937 237 T.
961 205 1096 238 mvn

290 284 461 321 Romanis,
477 290 514 315 ut
529 284 633 315 Latini
649 287 868 324 coiirceantur,
885 287 956 318 ibid.
979 293 1125 327 pugnant
1139 296 1216 318 cum
1231 286 1366 318 Lucanis
1381 287 1436 318 ad-

291 328 399 359 versus
413 328 637 358 Alexandrum
663 329 857 368 Epirensem,
879 338 927 367 17.
951 331 1080 370 suspefti
1105 331 1177 361 sunt
1200 331 1366 367 Romanis,
1383 340 1436 369 23.

291 372 380 402 ferox
395 380 507 401 eorum
523 372 720 410 responsum.
737 372 808 403 ibid.
825 373 884 403 tria
897 374 1014 412 oppida
1031 375 1066 403 iis
1079 375 1219 411 ademta,
1235 382 1286 413 25.
1302 374 1437 409 ejiciun-

291 420 344 445 tur
367 413 529 453 Palaepoli,
549 416 600 444 26.
624 416 798 444 vincuntur
813 425 832 445 a
849 416 888 446 Q.
909 417 1019 453 Fabio,
1037 418 1184 455 magistro
1207 418 1366 455 equitum,
1382 425 1436 454 30.

289 458 366 488 vieti
379 457 503 487 rursum
520 466 538 486 a
551 457 688 496 Papirio,
703 458 866 494 difiatorm
881 461 931 496 36.
955 469 1078 489 annuas
1095 461 1265 498 impetrant
1279 460 1436 494 iiiduciaS,

291 507 346 539 37.
370 499 537 536 deficiunt,
554 500 625 530 ibid.
649 500 800 539 proelium
815 509 906 532 atrox
922 511 1000 532 cum
1018 503 1228 538 Samnitibus,
1246 503 1296 541 38.
1322 510 1436 535 eorum

287 543 413 582 equites
442 543 676 582 impedimenta
704 544 927 575 Romanorum
958 545 1124 584 diripiunt,
1153 545 1224 575 ibid.
1262 547 1437 575 vincuntur

289 586 464 622 Samnites,
479 595 528 626 39.
553 587 710 616 damnant
727 587 863 625 bellum,
877 588 948 617 ibid.
972 589 1165 619 satisfaciunt
1180 589 1349 623 Romanis,
1362 585 1435 615 ibid.

287 638 349 659 nec
365 636 474 659 tamen
491 630 673 668 impetrant,
691 629 763 660 ibid.

332 671 457 701 bellum
481 673 667 705 instaurant.
686 683 717 710 9,
739 682 764 702 1.
782 678 813 703 et
830 682 858 703 2.
874 673 983 703 fraude
1005 673 1138 712 capiunt
1162 674 1326 703 Romanos
1348 671 1435 710 apud

287 715 451 745 Caudinas
468 715 597 752 Furca„
611 715 681 744 ibid.
698 715 817 756 etfiqq.
834 723 995 755 occupant
1009 715 1177 754 Fregellas,
1194 715 1355 745 coloniam
1373 714 1438 743 Ro-

286 767 472 791 manorum,
488 768 536 788 12.
553 759 728 788 vincuntur
740 768 758 788 a
772 759 939 795 Romanis,
957 768 1004 796 13.
1029 759 1157 792 iterum,
1176 768 1223 796 14.
1248 757 1434 794 subjugum

286 801 460 831 mittuntur
476 802 672 831 Samnitium
697 802 811 840 septeni
839 801 952 836 millia,
973 811 1021 839 15.
1044 811 1153 830 eorum
1179 801 1358 838 praesidium
1377 801 1433 830 Sa-

285 844 355 873 trici
373 844 567 882 oppiefl'um,
589 846 636 874 16.
664 844 807 874 inducias
826 845 946 873 biennii
972 845 1142 882 impetrant
1159 853 1176 873 a
1195 844 1361 878 Romanis,
1380 852 1433 873 20.

284 885 453 924 rebellant,
469 896 520 917 21.
535 896 652 926 anceps:
669 897 725 924 pro
741 889 821 916 ¹tium
838 896 913 916 cum
932 888 1142 921 Samnitibus,
1158 886 1228 915 ibid.
1245 888 1433 922 vincuntur,

283 928 356 959 ibid.
380 929 531 968 proelium
545 932 685 969 equestre
708 939 785 959 cum
810 930 1022 965 Samniiihue,
1038 931 1069 958 in
1088 939 1152 968 quo
1168 939 1279 959 eorum
1297 930 1435 967 impera·

283 978 335 1001 tor
356 973 526 1008 occiditur,
544 983 594 1003 22.
620 973 753 1011 capiunt
777 972 1019 1009 Plistiani„ibid.
1045 981 1151 1010 pugna
1174 973 1359 1006 vincuntur,
1379 979 1432 1007 23.

282 1015 526 1054 progrediuntur
552 1016 591 1044 ad
615 1016 790 1049 Caudium,
809 1022 848 1050 27
887 1015 926 1044 ad
955 1011 1083 1053 triginta
1107 1015 1209 1044 millia
1234 1014 1433 1044 Samnitium

283 1058 364 1087 caesa
380 1064 434 1087 aut
449 1066 553 1096 capta,
572 1057 643 1088 ibid.
666 1058 798 1094 capiunt
815 1058 978 1093 Cluviam,
997 1067 1048 1095 31.
1071 1067 1184 1087 eorum
1209 1056 1341 1092 insidiae,
1359 1055 1433 1085 ibid.

282 1100 323 1129 ad
346 1100 457 1139 viginti
482 1100 585 1129 millia
609 1101 805 1130 Samnitium
829 1101 920 1137 caesa,
940 1101 1010 1129 ibid.
1035 1109 1154 1139 anceps
1180 1100 1330 1139 proelium
1354 1107 1432 1127 cum

281 1143 495 1178 Samnitibus,
514 1144 565 1180 38.
588 1152 698 1172 eorum
717 1144 872 1172 exercitus
890 1144 973 1177 dum
998 1143 1086 1172 scuta
1104 1143 1231 1172 aiterius
1248 1151 1337 1176 auro,
1354 1140 1433 1169 alte·

283 1185 348 1215 rius
371 1192 502 1224 argento
528 1185 719 1224 caelata,40.
742 1187 929 1220 vincuntur,
947 1185 1018 1214 ibid.
1035 1185 1100 1215 vid.
1124 1192 1151 1213 et
1173 1194 1226 1222 41.
1251 1191 1278 1213 et
1301 1194 1354 1223 42.
1378 1183 1432 1212 de-

280 1228 365 1257 dunt
388 1228 418 1257 se
440 1227 608 1264 Romanis,
625 1228 696 1257 ibid.
720 1227 776 1257 sub
796 1227 914 1265 jugum
931 1228 1118 1265 mittuntur,
1135 1227 1205 1256 ibid.
1230 1227 1301 1256 vieti
1318 1231 1432 1266 petunt

281 1280 411 1310 pacem,
428 1280 481 1309 43.
497 1277 525 1299 et
541 1280 593 1310 45.
617 1271 653 1300 iis
670 1271 774 1300 foedus
789 1271 962 1307 antiquum
980 1271 1153 1306 redditum,
1170 1269 1243 1299 ibid.

325 1312 493 1347 rebellant,
510 1323 560 1349 10,
577 1322 623 1342 11.
641 1314 677 1342 iis
695 1314 824 1342 infertur
839 1313 976 1348 beilum,
994 1323 1041 1343 12.
1060 1314 1245 1348 vincuntur,
1262 1310 1332 1341 ibid.
1349 1319 1431 1350 proe-

278 1354 364 1386 lium
379 1363 469 1385 atrox
482 1365 559 1386 cum
577 1356 789 1391 Samnitibus,
811 1364 858 1393 ¹4·
882 1355 962 1394 pulsi
976 1355 1094 1385 finibus
1110 1356 1184 1391 suis,
1203 1355 1359 1384 Etruriam
1377 1361 1434 1392 pe·

281 1403 368 1434 tunt,
389 1399 437 1428 16.
460 1399 649 1434 vincuntur,
671 1409 717 1439 19.
743 1398 937 1437 populantur
952 1398 1140 1437 Campaniae
1157 1407 1283 1436 agrum,
1301 1407 1351 1427 20.
1369 1404 1433 1425 cae-

281 1441 414 1477 duntur,
431 1442 562 1480 duxque
577 1450 688 1470 eorum
714 1449 825 1480 captus
849 1441 888 1470 ad
910 1441 1075 1470 consulem
1092 1441 1279 1470 Romanum
1297 1439 1428 1478 rapitur,

281 1483 354 1513 ibid.
378 1484 547 1514 conserunt
574 1494 664 1514 arma
689 1494 767 1513 cum
795 1483 945 1520 Etruscis,
974 1484 1118 1519 Umbris,
1145 1483 1258 1518 Gallis,
1277 1492 1329 1512 21.
1352 1490 1432 1511 cum

281 1526 386 1556 Gallis
402 1527 559 1556 invadunt
577 1527 756 1563 Romanos,
775 1533 825 1561 27.
850 1527 1011 1556 Samnites
1027 1527 1131 1565 primo
1147 1527 1269 1565 impetu
1285 1525 1403 1554 feroces
1418 1534 1429 1561 ;

279 1569 424 1607 longiore
440 1570 615 1599 certamine
631 1569 767 1599 residunt
783 1579 894 1598 eorum
910 1569 1024 1605 animi,
1040 1570 1090 1599 28.
1106 1569 1292 1604 vincuntur,
1308 1576 1359 1605 29.
1376 1567 1433 1596 Sa·

281 1613 441 1642 mnitium
466 1621 583 1650 agmen
604 1622 618 1641 a
647 1612 784 1650 Pelignis
808 1612 956 1646 caeditur,
978 1621 1026 1650 30.
1056 1611 1179 1640 bellum
1204 1617 1360 1649 reparant,
1379 1618 1432 1646 31.

280 1656 458 1685 vincuntur
473 1654 597 1693 proelio,
616 1656 649 1684 in
666 1665 730 1692 quo
746 1657 825 1683 caei'a
841 1654 1038 1683 Samnitium
1062 1653 1221 1683 sexdecim
1246 1652 1347 1682 millia
1371 1659 1431 1680 tre-

281 1698 382 1733 centi,
399 1704 492 1736 capta
509 1697 573 1726 duo
589 1697 692 1726 millia
707 1697 908 1735 septingenti,
926 1696 998 1726 ibid.
1022 1696 1190 1726 Samnitici
1212 1695 1285 1724 belli
1309 1695 1433 1724 diutur-

282 1741 366 1770 nitas
381 1748 412 1770 et
427 1741 587 1775 atrocitas,
605 1739 675 1770 ibid.
701 1739 927 1778 aggrediuntur
949 1741 1047 1769 castra
1071 1739 1231 1773 Romana,
1249 1748 1299 1776 32.
1323 1735 1431 1775 expel-

281 1783 407 1820 luntur,
426 1792 475 1821 33.
504 1782 626 1821 aliquot
648 1792 760 1812 eorum
786 1782 904 1821 oppida
927 1783 1060 1821 capiunt
1075 1781 1229 1817 Romani,
1248 1790 1299 1818 34.
1329 1789 1432 1818 oppu-

280 1832 383 1865 gnant
406 1826 588 1861 Luceriam,
614 1832 665 1864 35.
689 1826 875 1861 vincuntur,
894 1825 945 1862 36.
969 1825 1088 1863 septem
1114 1823 1217 1853 millia
1244 1830 1274 1852 et
1298 1821 1430 1852 trecenti

281 1869 380 1909 capti,
394 1878 508 1898 omnes
524 1868 603 1897 nudi
620 1868 805 1906 subjugum
820 1868 1005 1903 mittuntur,
1019 1867 1090 1896 ibid.
1107 1866 1302 1896 Samnitium
1318 1865 1431 1903 ingens

281 1919 453 1951 apparatus
469 1911 558 1946 belli,
577 1912 629 1948 38.
651 1911 827 1941 vincuntur
841 1919 860 1939 a
875 1910 1012 1949 Papirio,
1029 1909 1169 1946 consule,
1187 1918 1240 1949 41.
1256 1914 1287 1938 et
1300 1917 1355 1948 42.
1377 1915 1432 1937 eo-

281 1964 354 1984 rum
373 1954 464 1983 urbes
478 1960 594 1992 captae,
610 1960 663 1992 45.

325 1997 480 2026 deficiunt
495 1996 534 2025 ad
550 1995 678 2032 Poenos,
698 2005 751 2031 22,
768 1996 820 2025 61.

326 2039 524 2070 Samnitium
540 2038 719 2077 legatorum
734 2039 774 2068 ad
789 2037 987 2068 Annibalem
1002 2037 1114 2074 oratio,
1133 2045 1185 2074 23,
1202 2045 1256 2075 42.

241 2084 402 2114 Samnites
418 2081 569 2118 Caudini,
585 2090 638 2119 23,
654 2091 708 2121 4¹·

239 2127 401 2157 Samnites
416 2124 535 2159 Pentri,
554 2133 586 2162 9,
604 2133 655 2162 31.
880 2144 883 2148 .

241 2169 441 2200 Samnitium
457 2167 589 2196 nomine
603 2165 791 2205 gladiatores
807 2165 969 2204 appellati,
985 2174 1017 2203 9,
1034 2172 1087 2204 40.

242 2213 428 2247 Samnium,
445 2218 477 2247 7,
494 2219 546 2248 32.

244 2254 447 2293 Samos,five
462 2253 590 2288 Samus,
608 2248 708 2281 insula
723 2255 754 2278 et
771 2249 856 2286 urbs,
876 2258 929 2289 37,
949 2260 998 2280 10.

243 2297 466 2333 Samothraca,
481 2294 530 2325 vel
546 2292 780 2328 Samothracia,
796 2302 852 2331 42,
871 2301 921 2333 ²5·
940 2299 971 2324 et
989 2302 1040 2334 50.
1063 2302 1118 2332 44,
1134 2299 1188 2332 45.
1200 2297 1231 2322 et
1246 2291 1297 2330 46.

243 2339 492 2369 Samothracum
509 2337 618 2367 insulae
634 2335 755 2374 religio,
770 2345 825 2375 45,
843 2343 872 2376 5.

242 2383 364 2413 Sancus
380 2383 489 2417 Semo,
505 2380 571 2411 vid.
584 2381 691 2411 Semo.

241 2426 338 2456 Sanci
355 2424 438 2455 aedes
454 2424 492 2454 de
508 2423 592 2453 coelo
607 2421 702 2459 tafita,
721 2430 774 2460 32,
794 2430 822 2451 1.
