1572 2616
278 140 357 186 152

706 149 1050 181 ROMANORUM

634 359 873 401 MUCIA
912 360 1110 402 GENS.

445 575 487 606 Q.
505 575 676 605 MUClUS
700 575 734 605 P.
753 576 786 606 F.
804 577 874 607 *N.
891 576 1120 608 SCAEVULA.
1157 577 1208 609 De
1232 587 1300 619 quo

445 618 526 648 nihil
545 619 745 658 accepimus.

483 704 609 737 roz-a
1178 712 1180 714 >

271 746 315 778 Θ.
360 747 530 777 MUCIUS

273 800 304 826 ρ.
346 799 375 821 r.
420 800 448 821 Ρ.
495 801 530 821 N.

264 843 289 866 ,s
305 843 324 863 c
341 842 367 863 ιε
387 843 408 863 v
429 843 448 863 u
466 843 484 864 1.
500 844 530 864 A.

272 876 404 912 Praetor,
448 886 536 906 anno

261 927 348 959 .574.
374 920 481 950 Livius
495 919 530 949 li.

271 961 329 992 bro
345 962 389 992 xl.
414 963 531 992 Consul

271 1013 351 1035 cum
361 1006 537 1045 Sp.Postu-

274 1050 448 1082 mio‚anno
460 1057 532 1089 579.

272 1091 484 1121 Caffiodorus.

273 1133 382 1164 Livius
398 1134 456 1164 lib.
472 1134 530 1164 xli.

275 1219 318 1250 Q.
363 1219 534 1250 MUCIUS

275 1272 307 1298 ρ.
349 1272 378 1293 r.
423 1273 453 1298 Q.
499 1271 533 1293 N.

274 1315 290 1335 s
307 1314 326 1334 c
342 1314 368 1334 με
386 1315 406 1334 v
429 1315 446 1334 u
466 1314 482 1334 L
502 1315 533 1335 A.

275 1350 401 1386 Augur.
429 1348 540 1378 Cicero

274 1391 309 1421 in
325 1390 432 1420 Laelio.
453 1391 539 1420 Con-

273 1433 321 1463 sul
371 1442 450 1464 cum
496 1434 529 1463 L.

275 1476 420 1513 Caecilio,
445 1486 532 1506 anno

275 1519 353 1557 636.
373 1519 533 1549 Caffiodo-

273 1571 336 1592 rus.
382 1562 534 1592 Meminit

274 1604 388 1635 Cicero
400 1606 480 1635 libro
493 1606 532 1635 de

272 1647 406 1679 Oratore
416 1650 531 1689 primo.

598 747 632 777 P.
651 747 821 778 MUCIUS
847 748 887 779 Gt.
906 749 939 779 F.
956 749 990 780 P.
1007 749 1050 779 N.
1069 749 1292 780 SCAEVULA.
1337 749 1470 790 Praetor,

597 800 684 821 anno
702 799 775 830 574.
801 793 907 822 Livius
923 792 978 821 lib.
999 791 1041 822 xl.
1070 792 1189 823 Consul
1206 802 1283 822 curn
1301 793 1349 824 M.
1365 794 1471 824 Aimi-

597 833 653 871 lio,
671 844 758 863 anno
775 837 848 874 578.
875 834 1088 866 Cassiodorus.
1112 835 1235 866 Plinius
1252 835 1306 866 lib.
1323 836 1356 866 ii.
1374 846 1427 876 31.

598 919 630 949 P.
649 919 820 949 MUCIUS
848 920 877 951 P.
897 921 931 950 F.
949 921 989 951 Q.
1010 921 1052 951 N.
1069 921 1295 952 SCAEVULA.
1324 921 1472 952 Pontifex

599 963 776 994 maximus.
799 964 964 994 Tribunus
977 963 1019 1002 pl.
1037 964 1201 1003 Caepione,
1222 965 1372 1004 Pompeio
1389 974 1472 995 coss.

600 1005 713 1035 Cicero
735 1006 816 1035 libro
840 1007 879 1036 de
904 1007 1036 1037 Finibus
1052 1008 1084 1036 ii.
1130 1008 1259 1043 Praetor‚
1284 1017 1371 1038 anno
1399 1008 1474 1046 617.

600 1048 712 1078 Cicero
728 1049 768 1078 ad
785 1050 930 1079 Atticum
950 1051 1006 1080 xii.
1043 1049 1161 1080 Cor-‚ul
1185 1059 1263 1080 cum
1288 1051 1321 1080 L.
1340 1050 1474 1090 Calpur-

600 1092 667 1127 nio,
686 1101 772 1121 anno
789 1092 863 1122 620.
887 1092 1097 1122 Caffiodorus.
1123 1093 1233 1122 Cicero
1249 1093 1474 1124 Accusationis

597 1141 719 1172 quarto.
758 1134 817 1164 His
833 1144 913 1165 coss.
936 1136 987 1165 Ti.
1005 1136 1170 1165 Gracchus
1187 1137 1310 1165 occisus
1326 1137 1380 1165 est.
1414 1135 1474 1165 As-

598 1177 710 1206 conius
734 1177 866 1206 Verrina
880 1178 911 1207 ii.
936 1178 1048 1207 Cicero
1063 1187 1120 1217 pro
1136 1178 1247 1214 domo,
1265 1185 1295 1207 et
1313 1179 1344 1207 in
1361 1177 1474 1208 Catili·

602 1228 677 1248 nam
695 1231 701 1248 :
727 1220 877 1249 meminit
901 1221 986 1250 idern
1005 1220 1225 1250 Accusationis
1242 1227 1367 1259 quarto,
1385 1226 1415 1250 et
1432 1221 1471 1251 tle

599 1262 731 1291 Oratore
748 1263 862 1299 primo.
901 1263 1098 1301 Pomponius
1112 1262 1206 1292 titulo
1222 1263 1260 1292 de
1276 1265 1407 1302 Origine
1418 1262 1475 1300 ju-

600 1306 651 1334 ris.
699 1304 797 1334 Hunc
815 1304 1003 1336 Plutarchus
1028 1307 1060 1335 in
1085 1305 1175 1336 Sulla
1191 1306 1355 1345 phthiriasi
1377 1307 1474 1336 inter-

607 1347 671 1377 iisse
687 1347 804 1378 scribit.

599 1433 640 1462 Q.
659 1432 830 1463 MUCIUS
853 1432 887 1463 P.
903 1433 939 1465 F.
953 1433 987 1463 P.
1004 1434 1046 1464 N.
1064 1433 1288 1464 SCAEVULA.
1311 1433 1471 1465 Pontifex.

600 1476 745 1505 Quaestor
761 1477 794 1505 in
814 1475 883 1505 Afia
906 1477 975 1506 suit.
1022 1477 1134 1507 Cicero
1151 1476 1189 1505 de
1206 1477 1339 1507 Oratore
1362 1477 1470 1516 primo

599 1526 630 1548 et
645 1519 748 1548 tertio.
791 1519 956 1548 Tribunus
973 1519 1086 1558 plebiS,
1106 1519 1147 1549 Q.
1162 1519 1306 1556 Servilio,
1320 1520 1346 1550 C
1371 1519 1473 1550 Atilio

601 1570 682 1591 coss.
727 1561 839 1591 Cicero
863 1562 895 1591 in
919 1562 1028 1592 Bruto.
1074 1561 1190 1592 AEdilis
1218 1562 1348 1592 curulis.
1393 1562 1474 1601 Spe-

598 1603 762 1634 &aculutn
777 1614 816 1634 ex
832 1603 1060 1644 leontophonis
1074 1605 1231 1634 exhibuit.
1258 1604 1386 1635 Solinus
1399 1613 1471 1644 cap.

599 1657 650 1687 29.
697 1647 849 1676 Meminit
871 1647 982 1677 Cicero
1005 1648 1043 1677 de
1067 1647 1192 1677 Officiis
1208 1648 1359 1677 seeundo.
1404 1648 1472 1677 Ac-

601 1690 774 1720 cusationis
799 1697 923 1728 quarto.
969 1690 1089 1720 Consul
1106 1699 1182 1720 cum
1199 1691 1234 1720 L.
1252 1690 1369 1725 Craffo,
1387 1699 1474 1719 anno

601 1734 676 1772 658.
712 1732 922 1762 Cassiodorus.
955 1733 1066 1762 Cicero
1083 1733 1115 1762 in
1135 1734 1244 1763 Bruto.
1278 1733 1385 1762 Afiam
1403 1742 1471 1772 pro·

600 1777 742 1805 vinciam
775 1782 841 1805 tam
871 1775 974 1805 sanae
1008 1776 1252 1812 administravit,
1284 1782 1319 1805 ut
1347 1775 1473 1805 senatus

599 1819 749 1857 deinceps
773 1818 804 1847 in
830 1828 900 1848 eam
926 1819 1125 1857 provinciam
1155 1819 1258 1854 ituris,
1281 1818 1472 1856 exemplum

598 1862 696 1891 officii
726 1861 908 1891 Scaevulam
935 1862 1061 1891 decreto
1087 1869 1289 1900 proponeret,
1322 1862 1354 1890 in
1379 1860 1474 1898 eujus

599 1906 756 1934 honorem
786 1903 891 1934 Asiani
921 1904 1006 1934 diem
1037 1904 1150 1934 festum
1186 1904 1297 1934 Mucia
1324 1904 1474 1932 nomina-

600 1954 684 1977 runt.
730 1946 873 1976 Valerius
901 1946 955 1976 lib.
973 1947 1038 1976 viii.
1068 1956 1139 1985 cap.
1161 1947 1209 1975 16.
1256 1946 1412 1976 Asconius
1436 1946 1469 1974 in

597 1991 742 2020 Divinat.
788 1990 899 2019 Cicero
918 1989 1136 2018 Accusationis
1153 1989 1302 2018 secundo.
1346 1989 1396 2018 Ad
1414 1989 1473 2018 At-

595 2034 699 2063 ticum
714 2032 840 2071 quinto.
867 2032 953 2061 Bello
966 2032 1050 2061 civili
1065 2041 1082 2061 a
1099 2031 1251 2061 Marianis
1265 2031 1296 2060 in
1314 2029 1471 2061 vestibulo

595 2077 672 2105 aedis
690 2075 790 2105 Vestae
805 2075 925 2104 occisus
941 2076 994 2104 est.
1030 2075 1178 2113 Epitoma
1197 2074 1319 2103 lxxxvi.
1368 2073 1472 2104 Luca-

599 2128 660 2148 nus
677 2118 731 2148 lib.
750 2119 782 2147 ii.
820 2117 928 2146 Florus
946 2117 1000 2146 lib.
1019 2117 1062 2146 iii.
1081 2126 1150 2156 cap.
1171 2126 1221 2146 21.
1258 2116 1398 2146 Velleius
1414 2116 1471 2146 lib.

599 2161 630 2190 ii.
667 2161 781 2190 Cicero
804 2162 842 2189 ad
860 2160 1005 2189 Atticum
1022 2159 1088 2189 viii.
1126 2159 1223 2188 Hunc
1247 2159 1358 2188 Cicero
1377 2159 1471 2196 juris-

599 2204 772 2242 peritorum
798 2202 1105 2241 eloquentiffimum,
1123 2209 1153 2231 et
1176 2201 1397 2240 eloquentium
1418 2201 1471 2238 ju-

600 2245 861 2284 risperitissimum
880 2245 918 2274 (le
935 2245 1065 2274 Oratore
1083 2245 1186 2283 primo
1204 2245 1362 2275 nominat.
1400 2244 1470 2274 Me-

597 2288 693 2319 minit
712 2288 905 2327 Pomponius
923 2287 961 2317 de
978 2287 1110 2327 Origine
1124 2286 1215 2325 juris.
