1572 2616
431 155 811 187 HisToiuARUM
848 156 1054 186 LiBRos.
1275 147 1352 196 167

198 236 496 274 communicandis,
516 247 567 274 10,
585 238 616 268 6.
639 236 742 267 aedilis
765 236 898 274 curulis,
922 237 1084 269 damnatis
1108 237 1232 278 aliquot
1253 240 1356 272 foene-

199 281 368 318 tatoribus,
386 291 427 311 ex
451 280 649 311 niulfitaticia
674 283 812 321 pecunia
837 282 923 312 varia
943 282 1029 312 dona
1047 288 1078 312 et
1092 291 1188 322 opera
1203 284 1237 313 in
1254 284 1357 315 sacros

199 324 407 364 publicosque
424 324 496 354 usus
510 324 599 360 facit,
618 333 669 362 ²3·

155 366 205 397 M.
223 366 396 406 Ogulnius,
413 368 452 397 ad
466 368 666 397 frumentum
685 367 717 396 in
734 366 859 397 Etruria
873 368 1092 399 coiimendum
1110 369 1234 406 miffus,
1253 376 1306 407 27,
1326 379 1356 408 3.

156 409 207 440 M.
224 410 386 449 Ogulnius
410 411 536 449 Gallus,
553 418 682 451 praetor,
703 419 756 449 39,
775 411 828 451 56.
851 411 975 442 sortitur
993 412 1246 449 jurisdifiiionem
1264 414 1356 444 urba-

198 463 289 490 nam,
328 463 361 490 0,
383 464 408 484 i.

157 495 201 526 Q.
217 463 392 536 Oguliiius,
411 497 558 527 tribunus
582 496 695 537 plebis,
713 497 770 527 fert
785 496 890 536 legem
914 497 953 527 de
976 498 1155 529 sacerdotiis
1169 508 1245 530 cum
1263 499 1357 539 plebe

199 540 498 578 communicandis,
520 550 570 577 10,
588 542 618 571 6.
642 539 743 570 aedilis
759 540 879 571 eurulis
895 541 1032 572 mulciat
1046 542 1264 581 foeneratores,
1282 553 1334 583 23.

155 581 315 614 Olbiensis
331 593 404 624 agei·
419 586 557 614 vastatur
572 594 590 614 a
605 583 698 614 classe
714 584 848 615 Punica.
866 593 919 622 27,
938 585 968 616 6.

153 625 305 664 Olcades,
323 637 376 663 21,
395 635 425 668 5.
449 627 626 658 Olcadibus
642 627 767 658 bellum
789 627 882 658 insert
896 628 1054 668 Annibal,
1070 628 1144 661 ibid.
1166 630 1361 669 vincuntur,

195 669 271 701 ibid.

154 712 340 752 Olcinium,
355 714 513 754 oppidum
530 713 663 755 lllyrici,
680 721 735 755 45,
755 714 806 746 26.

151 755 324 787 Olciniatis
340 758 531 788 immunitas
547 758 632 794 data,
649 765 704 798 45,
723 758 776 789 26.

155 799 246 830 Oleae
262 801 342 831 rami
359 801 541 841 supplicum
558 800 705 840 infignia,
722 811 776 841 24,
795 810 847 839 3ο.
874 811 927 843 29,
948 803 997 833 16.
1022 810 1075 842 30,
1093 802 1144 841 36.

155 842 227 874 Olei
243 844 350 883 congii
367 845 400 874 in
417 846 503 875 vicos
521 844 660 884 singulos
675 845 754 882 dati,
773 852 826 884 25,
845 854 875 876 2.

156 886 331 918 Olitorium
349 888 467 925 sorum,
483 888 548 918 vid.
567 889 698 918 Forum.

156 929 308 968 Olocrus,
327 940 434 968 mons,
450 941 504 970 44,
522 940 575 971 44.

157 972 329 1011 Olonieus,
347 974 409 1004 five
432 975 636 1012 Salondiciis,
653 973 881 1005 rebellantium
903 974 1135 1007 Celtiberorum
1158 977 1236 1012 dux,
1252 987 1307 1019 43,
1326 980 1356 1010 6,

199 1017 268 1053 ejus
285 1019 456 1054 temeritas,
474 1018 547 1048 ibid.

155 1059 324 1100 Olympia,
341 1061 428 1097 urbs,
449 1062 501 1098 26,
520 1070 572 1100 24.
596 1068 652 1100 45,
671 1061 722 1092 28.

159 1103 388 1144 Olympiorum
404 1103 557 1134 sollemne
575 1104 749 1141 ludicrum,
767 1111 821 1141 27,
840 1113 892 1144 35.
916 1112 1029 1145 pararit
1046 1105 1126 1144 Elei,
1144 1107 1198 1145 28,
1218 1114 1248 1145 7.

157 1146 339 1186 Olympias,
357 1155 458 1177 mater
474 1147 648 1178 Alexandri
668 1147 794 1187 Magni,
812 1150 845 1185 8,
864 1158 916 1187 24.

156 1189 339 1230 Olympias,
356 1191 444 1226 urbs,
463 1190 541 1221 olim
559 1190 873 1231 Gonnocondylum,
893 1201 947 1231 39,
966 1202 996 1223 2.

157 1232 326 1273 Olympio,
344 1233 466 1273 legatus
483 1234 591 1264 Gentii
608 1235 648 1264 ad
665 1234 784 1271 Persea,
800 1245 856 1274 44,
874 1244 926 1273 23.

158 1276 365 1316 Olympium,
381 1278 468 1308 Jovis
484 1278 647 1317 templum
665 1288 761 1317 prope
777 1278 958 1318 Syracusas,
973 1288 1027 1320 24,
1046 1289 1098 1319 33.

158 1320 331 1360 Olympius
346 1322 482 1361 Jupiter,
501 1331 553 1359 24,
573 1331 622 1351 21.

158 1362 292 1403 Olympi
310 1365 430 1394 montis
448 1365 480 1394 in
496 1364 656 1394 Theflalia
673 1364 806 1402 radices,
822 1374 878 1404 44,
895 1365 926 1396 6.

158 1407 332 1446 Olympus,
349 1417 444 1437 mons
461 1408 494 1436 in
508 1407 647 1443 Galatia,
664 1408 715 1445 38,
734 1409 782 1437 18.
809 1409 841 1436 in
857 1418 935 1438 eum
948 1409 1077 1448 fugiunt
1087 1409 1288 1452 Tolistoboii,
1306 1423 1356 1454 19,

201 1459 240 1479 ex
259 1460 296 1480 eo
312 1450 517 1490 depelluntur
532 1460 550 1480 a
567 1450 736 1487 Romanis,
756 1460 806 1480 20.
824 1457 853 1480 et
872 1461 924 1482 21.

158 1493 352 1530 Onchestus,
369 1495 473 1523 amnis
492 1495 523 1523 in
539 1493 712 1530 Theisalia,
731 1503 785 1532 33,
804 1495 835 1523 6.

158 1535 331 1567 Onesimus
355 1537 506 1574 Macedo,
522 1537 676 1578 Pythonis
694 1536 790 1574 filiuS,
808 1536 949 1568 Romam
974 1539 1124 1579 profugit,
1139 1549 1195 1580 44,
1216 1542 1267 1572 16.
1289 1542 1359 1581 ejus

203 1581 347 1619 praemia,
365 1580 438 1611 ibid.

158 1623 364 1658 Onomastus,
384 1625 553 1654 maritimae
571 1633 633 1654 orae
650 1623 816 1663 praefeElus
839 1633 857 1654 a
879 1624 1038 1664 Philippo,
1059 1625 1144 1663 jussu
1165 1626 1234 1665 ejus
1250 1628 1359 1659 Maro-

203 1668 299 1704 nitas,
324 1667 506 1697 intromiffis
531 1668 562 1697 in
588 1668 701 1697 urbem
727 1667 921 1705 Thracibus,
946 1669 1096 1707 trucidat,
1123 1679 1177 1709 39,
1203 1680 1254 1710 34.
1279 1682 1359 1703 cum

203 1709 352 1749 Philippo
364 1711 488 1748 judicat
506 1711 544 1740 de
560 1711 740 1747 Demetrio,
757 1720 811 1749 40,
829 1712 860 1741 8.

159 1752 305 1792 Operum
325 1754 529 1792 publicorum
554 1754 640 1793 apud
667 1753 832 1784 Romanos
850 1753 922 1792 jam
938 1754 978 1785 ab
994 1755 1136 1796 antiquis
1160 1759 1360 1797 temporibus

203 1797 456 1835 magnificentia,
478 1807 506 1834 i,
526 1799 578 1836 56.

161 1838 303 1877 Opifices
319 1841 358 1869 ad
371 1840 494 1870 bellum
510 1841 620 1876 exciti,
638 1841 670 1877 8,
688 1851 740 1871 20.

160 1881 302 1921 opifices
328 1883 530 1922 Carthaginis
558 1883 661 1913 Novae
684 1890 795 1923 captos
817 1883 966 1924 publicos
987 1884 1053 1915 fore
1077 1885 1188 1925 populi
1204 1885 1359 1927 Romani,

205 1926 300 1955 edicit
317 1926 438 1965 Scipio,
458 1927 510 1964 26,
523 1934 576 1965 47.
593 1926 659 1956 vid.
677 1935 704 1955 et
721 1935 772 1967 51.

160 1968 282 2008 Opima
299 1970 396 2009 spolia
412 1979 485 2009 quae
502 1970 675 2000 dicantur?
700 1981 733 2009 4,
752 1979 803 2000 20.
820 1970 885 2000 vid.
905 1976 932 2000 et
948 1969 1068 2010 Spolia.

162 2012 308 2052 Opimia,
338 2013 424 2052 virgo
452 2012 594 2050 Vestalis,
619 2013 715 2053 stupri
739 2021 913 2053 comperta,
938 2014 995 2045 sub
1018 2021 1148 2053 terram,
1168 2015 1207 2046 ad
1231 2023 1360 2056 portam

205 2055 380 2092 Collinam,
400 2063 525 2094 necata,
544 2066 597 2092 22,
615 2065 666 2096 57.

162 2098 198 2128 L.
215 2099 366 2139 Opimius
382 2099 491 2136 Pansa,
509 2101 653 2139 quaestor.
667 2100 824 2130 occiditur
841 2109 859 2130 a
873 2099 1085 2139 Samriitibus,
1107 2109 1157 2140 ιο,
1175 2110 1228 2140 32.

161 2141 241 2181 Opis
257 2143 340 2172 aedes
353 2143 384 2172 iri
401 2143 570 2182 Capitolio,
590 2153 642 2181 39,
661 2153 712 2174 22.

162 2184 352 2223 Opitergini,
367 2186 449 2226 pop(
461 2186 544 2225 Epit.
564 2196 574 2216 i
588 2196 635 2217 io.

164 2227 200 2257 L.
216 2228 414 2267 Opiternius,
431 2230 576 2259 conditor
592 2237 623 2259 et
639 2229 781 2259 sacerdos
797 2228 1065 2266 Bacchanalium,
1084 2239 1136 2268 39,
1157 2237 1207 2268 17.

164 2271 284 2310 Oppia,
299 2272 386 2309 virgo
402 2272 546 2308 Vestalis,
561 2272 716 2303 damnata
731 2273 854 2309 incesti,
870 2275 923 2302 dat
940 2282 1062 2312 poenas,
1077 2283 1108 2308 2,
1125 2283 1179 2313 42.

165 2314 273 2353 Oppia
290 2313 435 2353 (Vestia,)
454 2315 568 2345 mulier
592 2316 752 2351 Atellam,
778 2317 897 2355 Capuae
922 2317 1084 2352 habitans,
1100 2317 1242 2356 quotidie
1265 2319 1360 2350 sacri-

209 2357 286 2386 ficat
301 2366 356 2395 pro
372 2357 469 2387 ialute
492 2365 523 2388 et
546 2359 676 2388 viftoria
697 2360 808 2399 populi
825 2359 978 2397 Romani,
997 2360 1050 2398 26,
1069 2368 1120 2399 33.
1143 2361 1249 2393 eidem
1273 2362 1360 2394 bona

206 2406 238 2430 et
248 2399 377 2431 libertas
392 2401 612 2440 restituuntur,
628 2411 680 2441 34.
