1572 2616
221 132 300 184 176

638 144 977 175 ROMANORUM

586 386 809 430 JUNIA
852 388 1049 432 GENS.

215 657 259 688 D.
297 656 454 687 JUNIUS
495 656 627 687 *BRU-

218 709 284 730 'rus
304 710 437 731 sefflva.
478 700 627 738 Magister

214 752 267 781 eq.
297 743 339 774 Θ.
368 742 504 774 Publilio
530 742 627 773 dieta-

215 785 290 822 tori‚
307 795 394 816 anno
409 795 484 826 414.
509 785 628 817 Consul

215 837 297 859 eum
332 829 367 859 L.
398 829 506 866 Furio,
538 839 626 859 anno

215 872 293 910 428.
332 871 541 903 Caffiodorus.
576 872 626 902 Li-

215 914 288 944 vius
303 913 385 945 libro
400 915 466 946 viii.
504 915 628 946 Diodo-

214 965 269 988 rus
284 956 366 988 libro
383 958 475 989 xviii.

215 1040 260 1073 D.
273 1040 432 1075 JUNIUS
449 1043 491 1074 D.
505 1043 540 1075 F.
553 1043 628 1076 *N.

219 1094 362 1116 mxu-rus
382 1095 515 1117 scAEVA.
543 1088 630 1118 Con-

213 1126 265 1159 sul
287 1137 368 1160 cum
385 1129 426 1161 Θ.
444 1130 554 1166 Fabio,
573 1140 630 1160 an-

216 1179 264 1200 no
297 1174 373 1212 461.
419 1173 630 1206 Caffiodorus.

218 1213 328 1246 Livius
345 1215 425 1246 libro
441 1226 476 1247 x.

218 1298 265 1331 D.
282 1301 440 1333 JUNIUS
463 1301 506 1332 D.
530 1302 565 1332 F.
589 1302 632 1332 D.

222 1352 261 1374 N.
277 1353 376 1377 vam.
421 1344 540 1375 Consul
557 1354 636 1375 cum

223 1385 268 1417 N.
300 1387 411 1423 Fabio,
440 1396 527 1417 anno
556 1389 632 1426 487.

223 1429 443 1460 Caffiodorus:
477 1429 516 1458 de
541 1430 633 1460 Saffi-

224 1472 354 1503 natibus
383 1478 413 1502 et
451 1471 634 1503 Sallentinis

224 1516 448 1555 triumphavit.
517 1515 634 1545 Censor

226 1567 304 1588 cum
328 1559 362 1588 L.
380 1559 554 1595 Postumio,
578 1568 634 1588 an-

227 1611 271 1631 no
300 1608 372 1641 500.
401 1600 524 1640 collega
549 1610 636 1632 mor-

227 1649 297 1682 tuo,
313 1644 485 1716 adeCaIrit.

228 1729 279 1760 M.
301 1729 458 1760 JUNIUS
482 1729 523 1759 D.
542 1730 576 1760 F.
591 1729 633 1760 D.

230 1782 266 1803 Η.
285 1782 384 1803 pem.
423 1772 540 1803 Consul
558 1781 637 1802 cum

231 1815 279 1845 M.
297 1815 442 1852 Aimffio,
460 1825 546 1846 anno
565 1822 637 1853 523.

229 1858 438 1888 Caffiodorus.
522 1858 639 1888 Censor

230 1910 308 1930 cum
331 1901 368 1931 C.
384 1901 531 1937 Claudio,
552 1910 639 1930 anno

231 1945 306 1983 528.
350 1943 494 1974 DiCmtor
519 1944 560 1974 rei
586 1953 638 1982 ge-

231 1986 338 2016 rendae
351 1987 550 2020 causa,ar1no
566 1993 639 2026 537.

231 2028 339 2059 L'1vius
359 2029 439 2059 libro
455 2029 533 2059 xxii.
578 2029 640 2058 Va-

229 2070 326 2102 lerius
342 2071 422 2102 libro
437 2073 490 2102 vii.
504 2081 576 2111 cap.
594 2074 625 2103 6.

232 2198 281 2229 M.
305 2199 461 2230 JUNIUS
489 2199 523 2230 L.
548 2199 582 2229 F.
607 2197 643 2230 C.

233 2251 313 2272 Tus.
342 2243 418 2272 Sine
434 2241 664 2281 magistratibus
679 2242 752 2272 fuit.

538 2285 551 2315 1

234 2326 282 2358 M.
298 2327 456 2357 JUNIUS
485 2327 531 2357 M.
558 2327 593 2357 F.
617 2327 650 2356 L.

235 2379 317 2402 Tus.
361 2371 489 2408 Praetor,
513 2379 599 2400 anno
616 2371 689 2410 562.
738 2369 844 2399 Livius

671 659 708 689 C.
736 658 894 689 JUNIUS
921 658 959 689 C.
985 657 1021 688 F.
1049 656 1085 687 C.
1116 655 1160 687 N.
1184 656 1412 689 BUBULCUS

673 711 828 732 nnurus.
873 700 992 732 Consul
1010 709 1088 731 cum
1107 700 1148 730 Q.
1165 700 1310 739 Aimilio,
1326 710 1414 732 anno

671 748 747 784 436.
771 745 880 775 Livius
896 744 977 774 libro
992 744 1037 774 ix.
1060 743 1220 774 Diodorus
1237 744 1304 774 xix.
1328 744 1415 774 Con-

672 787 718 818 sul
738 798 780 826 11,
798 797 875 818 cum
900 788 934 818 L.
950 786 1087 826 Papirio,
1111 795 1198 816 anno
1219 795 1294 826 440.
1342 787 1416 817 Ma-

669 831 761 870 gister
777 840 827 870 eq.
845 831 882 861 C.
901 829 1044 869 Sulpicio
1060 829 1217 866 diffiteri,
1234 838 1321 859 anno
1336 838 1412 869 44¹·

669 873 788 904 Consul
804 883 864 911 ux,
890 883 968 904 eum
994 873 1036 903 Q.
1051 871 1201 909 Aimilio,
1226 880 1313 902 anno
1335 882 1412 911 442.

670 916 883 947 Caffiodorus.
926 916 1087 946 Diodorus
1107 915 1190 945 libro
1204 924 1263 945 xx.
1281 915 1342 945 ubi·
1354 923 1413 955 pro

670 959 769 996 Julio,
785 960 884 990 sunio
899 958 1074 998 legendum
1097 957 1178 988 ῐεὲὶε
1201 957 1416 997 Cuspinianus

671 1003 831 1042 praestanti
846 1002 894 1033 vir
907 1002 1038 1042 ingenio
1052 1001 1234 1031 admonuit.
1267 1001 1416 1040 Magister

673 1055 723 1085 eq.
742 1055 784 1083 11,
801 1055 888 1076 anno
903 1055 980 1086 444.
1026 1044 1143 1075 Censor
1159 1052 1238 1074 cum
1253 1043 1302 1074 Μ.
1320 1038 1416 1074 Vale-

672 1089 731 1126 rio,
757 1098 846 1119 anno
865 1091 942 1129 446.
986 1088 1131 1118 Valerius
1153 1086 1211 1118 lib.
1234 1086 1268 1117 ii.
1295 1095 1365 1126 cap.
1380 1096 1415 1127 4.

671 1132 815 1162 Di&ator
842 1133 885 1162 rei
913 1131 1058 1171 gerendae
1088 1130 1196 1166 causa,
1225 1138 1313 1159 anno
1338 1127 1418 1169 4¹51.

673 1175 800 1214 AEquos
815 1175 949 1214 subegit,
964 1183 1003 1204 ae
1018 1174 1068 1203 die
1083 1173 1196 1203 οέὶενο
1210 1173 1417 1212 triumphans

677 1218 710 1248 in
727 1218 841 1248 urbem
863 1217 967 1253 rediit,
984 1216 1151 1254 aedemque
1176 1214 1293 1245 Salutis
1315 1223 1417 1253 quam

677 1260 788 1290 consul
803 1266 946 1297 voverat,
963 1259 1073 1289 censor
1095 1258 1267 1294 locaverat,
1283 1257 1417 1287 difflator

677 1304 847 1333 dedicavit.
886 1303 993 1333 Livius
1009 1301 1090 1332 libro
1104 1311 1139 1332 x.
1175 1299 1323 1331 Valerius
1335 1300 1416 1330 libro

677 1346 745 1377 viii.
761 1346 867 1385 capite
886 1352 935 1385 15.

677 1431 714 1462 C.
740 1431 899 1462 JUNIUS
927 1429 963 1461 C.
992 1430 1028 1461 F.
1056 1429 1093 1459 C.
1122 1429 1166 1459 N.
1189 1426 1417 1459 BUBULCUS

679 1484 834 1505 Bnuvus.
859 1472 975 1503 Consul
994 1481 1072 1503 cum
1089 1472 1123 1502 L.
1139 1472 1314 1508 Postumio,
1331 1480 1418 1501 anno

677 1519 753 1556 462.
798 1517 1007 1548 Caffiodorus.
1058 1515 1165 1552 Livius
1198 1514 1278 1544 libro
1314 1514 1418 1545 xxvii.

677 1559 795 1590 Consul
821 1570 863 1596 11,
889 1568 966 1589 cum
991 1558 1027 1588 P.
1048 1557 1207 1593 Cornelio,
1234 1566 1319 1586 anno
1340 1557 1418 1595 476.

677 1603 890 1633 Caffiodorus.
932 1602 982 1632 De
1006 1600 1143 1631 Lucanis
1165 1607 1196 1630 et
1217 1600 1347 1630 Bruttiis
1364 1599 1418 1630 tri-

677 1645 862 1685 umphavit.

679 1731 715 1761 L.
730 1729 888 1761 JUNIUS
905 1729 941 1759 C.
959 1729 994 1758 F.
1012 1729 1046 1758 L.
1063 1728 1104 1758 N.
1121 1727 1296 1758 PULLUS.
1334 1725 1420 1756 con-

680 1773 727 1803 sul
747 1783 824 1803 curn
847 1773 882 1803 P.
899 1772 1046 1808 Claudio,
1070 1781 1157 1801 anno
1182 1779 1253 1811 504.
1298 1769 1421 1799 Adver-

681 1817 752 1846 sum
769 1817 884 1846 Poenos
899 1815 932 1845 in
950 1814 1094 1845 Siciliam
1112 1814 1234 1849 missus,
1252 1813 1421 1851 tempesta-

682 1865 713 1888 te
729 1858 857 1888 classem
870 1858 987 1894 amisit,
1001 1866 1102 1896 quum
1120 1856 1266 1896 auspiciis
1282 1864 1347 1884 non
1365 1864 1420 1893 pa-

682 1901 798 1937 ruisset,
815 1900 1047 1939 damnatusque
1070 1899 1283 1938 ignominIam
1302 1896 1418 1927 volun-

683 1946 760 1974 taria
776 1951 877 1973 morte
893 1943 1057 1982 praevenit.
1095 1942 1205 1971 Cicero
1221 1942 1259 1970 de
1274 1940 1417 1970 Divinat.

685 1988 704 2016 i.
723 1993 754 2016 et
777 1993 890 2016 natura
912 1986 1056 2015 Deorum
1081 1984 1230 2014 secundo.
1274 1982 1421 2013 Valerius

684 2029 764 2059 libro
781 2031 800 2059 i.
817 2038 888 2068 cap.
903 2036 935 2068 4.
980 2027 1129 2069 Polybius
1145 2027 1225 2057 libro
1241 2026 1262 2055 i.
1308 2025 1421 2055 Eutro-

684 2073 756 2112 pius
775 2071 856 2102 libro
873 2072 906 2101 ii.

666 2199 709 2229 N.
734 2155 940 2229 BRUr-sstR
951 2195 1107 2226 JUNIUS
1122 2195 1156 2225 L.
1171 2195 1205 2225 F.
1216 2195 1252 2225 C.
1263 2194 1305 2224 N.
1317 2193 1421 2224 BRU-

904 2249 982 2270 TUS.
1026 2238 1247 2268 Tribunitium
1262 2237 1372 2267 Cicero
1387 2237 1420 2266 in

907 2284 1005 2313 Bruto
1018 2280 1168 2320 appellat,
1182 2279 1308 2310 facilem
1322 2287 1352 2308 et
1367 2289 1420 2309 ex-

909 2325 1053 2365 peditum
1067 2324 1106 2353 ad
1118 2323 1311 2353 dicendum:
1329 2328 1358 2350 et
1376 2322 1421 2350 vi-

910 2374 951 2398 tae
966 2366 1129 2407 splendore
1152 2365 1269 2402 multo.
1286 2371 1316 2395 et
1335 2366 1421 2403 iuge-

676 2327 720 2356 N.
740 2326 843 2356 BRU-
