1538 2592
241 84 334 137 ³³92

247 169 297 199 nit
326 167 450 200 Plinius
478 168 536 200 lib.
567 169 683 201 xxxiii.

247 221 321 251 cap.
339 223 387 243 10.
412 212 555 243 Valerius
569 212 625 243 lib.
640 213 683 243 vi.

250 264 323 295 cap.
339 266 367 295 3.
406 255 524 286 Consul
543 266 587 293 11,
604 265 683 286 cum

249 298 312 328 Cn.
337 298 481 337 Servili0,
504 308 590 330 anno
610 300 684 340 584.

249 341 359 372 Livius
388 342 470 372 libro
497 343 578 374 xliii.
624 343 685 373 His

248 393 333 415 coss.
356 385 502 415 Ennium
516 392 684 416 mortuum

248 428 356 458 scribit
373 429 406 458 in
425 430 521 459 Bruto
543 436 573 459 et
591 430 686 459 Cato-

249 479 292 500 ne
309 472 432 501 Cicero.
473 472 590 502 Censor
606 481 685 502 cum
723 478 730 481 “

248 513 285 543 1..
313 514 462 552 Aimilio‚
493 525 579 545 anno
609 516 683 555 589.

248 556 441 588 Plutarchus
482 559 514 588 in
560 558 684 589 Paullo.

247 599 372 631 Plinius
389 600 444 631 lib.
461 602 504 632 vi.
521 611 591 641 cap.
612 602 661 632 16.

248 686 505 726 L.,MARCIUS
530 688 570 718 Q.
590 689 624 718 F.
645 689 685 718 Θ.

250 739 287 762 N.
324 740 523 762 Paruimus.
567 731 686 761 Consul

248 782 328 803 curn
361 775 435 805 Sex.
464 774 565 810 sulio,
600 783 688 803 anno

250 818 325 848 662..
350 817 561 847 Cassiodorus.
594 817 687 847 Cice-

248 869 284 890 ro
300 870 356 899 pro
373 860 532 890 Cornelio.
566 861 686 899 Appia-

248 911 311 939 nns
340 903 358 931 i.
389 911 419 933 et
445 905 476 935 J.
499 904 686 941 Obl'equens

248 944 379 980 Lupum
407 946 557 968 menssole
578 945 688 976 appel-

247 983 331 1014 lant.
378 982 534 1012 Meminit
566 980 687 1010 Plinius

249 1026 308 1057 lib.
321 1026 353 1054 ii.
367 1034 439 1064 cap.
454 1034 506 1062 30.
532 1022 590 1053 His
605 1031 686 1053 coss.

247 1069 374 1101 benum
401 1068 514 1098 sociale
539 1073 686 1105 coeptum

248 1113 362 1145 anfior
398 1113 441 1142 est
479 1111 600 1142 Plinius
631 1109 687 1139 lib.

248 1157 344 1230 ¹xxiii.
370 1162 399 1184 et
424 1153 609 1185 paterculus
631 1152 686 1183 lib.

279 1198 432 1229 .Censor
455 1207 532 1226 cum
551 1197 599 1225 M.
619 1195 689 1224 Per-

249 1209 374 1282 plenna,
387 1249 474 1269 anno
492 1240 564 1275 667.
594 1237 687 1268 Cice-

249 1285 343 1320 min
373 1284 511 1314 Praetura
540 1281 685 1312 urbana.

252 1336 310 1376 pro
325 1327 435 1357 domo.
472 1325 616 1354 Valerius
631 1323 687 1353 lib.

251 1371 320 1401 viii.
337 1379 408 1408 cap.
432 1378 477 1408 ¹4
509 1368 605 1398 llunc
621 1367 687 1406 glo-

250 1413 326 1445 riari
343 1413 470 1443 solitum
489 1413 515 1440 le
535 1411 597 1440 ine
622 1410 693 1440 ullo

251 1465 389 1492 munere
434 1457 589 1494 adepzurn
627 1454 689 1484 efl'e

251 1500 379 1535 omnia,
399 1508 473 1537 quae
496 1498 690 1527 haberentur

252 1542 463 1582 ampliffima,
481 1541 592 1570 Cicero
609 1539 691 1569 offi-

253 1586 382 1618 ciorum
399 1585 518 1620 scribit,
536 1583 590 1613 ubi
608 1591 688 1613 cum

255 1628 298 1659 G.
317 1628 405 1658 Fabii
431 1629 466 1658 F.
490 1627 588 1665 vulgo
611 1625 689 1664 legi-

253 1677 320 1707 tur,
348 1671 436 1700 Fabii
465 1670 602 1709 imperiti
631 1668 690 1698 ali-

255 1714 349 1752 cujus
371 1713 504 1752 glossam
528 1712 691 1742 existima-

255 1767 336 1788 rem.
370 1757 470 1787 Hunc
494 1765 512 1784 a
536 1755 639 1786 Druso
656 1755 690 1783 in

255 1809 416 1831 carcerem
427 1798 622 1836 conjeemm,
634 1806 693 1826 au-

258 1844 327 1873 &or
355 1843 399 1872 est
422 1842 567 1872 Valerius
591 1841 634 1870 ix.
661 1848 690 1879 5.

259 1886 414 1917 Meminit
432 1885 543 1914 Cicero
560 1884 598 1913 de
614 1883 694 1913 Ora-

257 1935 327 1960 tore
356 1929 401 1958 iii.
429 1929 462 1957 in
489 1927 609 1956 Bruto:
638 1934 694 1964 pro

258 1971 434 2003 Muraena:
459 1980 515 2009 pro
531 1969 673 1999 Plancio.

679 89 1046 127 ROM.ANO÷lzu·M‚2
1073 117 1078 125 ,

727 169 937 201 Caffiodorus.
971 170 1083 201 Cicero
1099 170 1133 201 in
1150 171 1258 202 Bruto.
1293 169 1447 201 Meminit

727 213 873 244 Valerius
890 213 948 245 lib.
965 214 1008 244 ix.
1033 223 1104 254 cap.
1122 222 1152 252 3.
1175 214 1224 244 sed
1248 213 1363 244 salsum
1386 219 1448 243 trae

727 257 786 304 dit,
817 267 920 296 quum
950 256 1056 288 filium
1089 256 1129 287 G.
1149 257 1262 287 Marcii
1293 254 1446 296 appellat,

728 309 798 337 ejus
820 301 881 340 qui,
899 300 1010 334 consul
1035 301 1164 338 iterum,
1184 308 1215 330 et
1230 300 1344 329 censor
1360 308 1448 329 crea-

729 349 779 373 tus
795 344 852 380 est,
869 349 961 374 utex
979 342 1097 375 tabulis
1119 343 1309 383 Capitolinis
1331 341 1450 384 perspi-

729 396 789 417 cue
806 393 947 427 apparet.

729 516 765 547 C.
790 515 988 546 MARCIUS

731 569 762 590 c.
789 569 817 590 F.
837 568 867 591 c.
885 568 919 590 N.
938 568 989 592 m-

732 603 911 637 GULus,de
924 611 989 641 quo

730 645 813 675 nihil
860 646 990 677 tradunt

730 689 886 720 nutstores.

855 733 868 761 1

732 774 769 805 C.
790 773 991 805 MARCIUS

733 827 764 848 e.
784 827 813 848 P.
829 827 860 848 c.
878 827 914 847 N.
941 818 991 847 De

732 871 797 900 quo
827 860 910 891 nihil
942 860 992 891 in-

731 904 839 935 venio.

857 946 872 967 1

733 980 769 1010 C.
793 980 993 1010 MARCIUS

734 1032 766 1053 c.
791 1032 820 1053 r.
840 1031 871 1052 c.
890 1031 925 1052 N.
943 1030 995 1051 ri-

734 1075 866 1097 GULUS.
919 1065 995 1096 Cos.

732 1119 809 1140 curn
834 1109 870 1140 L.
892 1108 993 1144 Julio,

732 1161 819 1182 anno
831 1153 905 1191 689.
921 1151 995 1180 Cas-

733 1195 885 1225 siodorus.
930 1194 996 1223 Dio

731 1237 787 1268 lib.
803 1237 926 1268 xxxvii.
941 1237 994 1267 Ci-

732 1291 804 1313 cero
817 1290 874 1322 pro
889 1279 990 1311 Sulla.

927 476 935 479 ’
966 475 1052 505 μή

1031 514 1066 544 L.
1084 513 1284 544 MARCIUS
1302 512 1339 542 C.
1355 512 1391 542 F.
1408 510 1448 543 C.

1034 566 1069 588 N.
1088 565 1333 588 cnwsonmus.
1359 555 1448 585 Gon-

1032 600 1080 631 sul
1108 610 1187 631 eum
1215 599 1264 630 M.
1292 596 1455 634 Manilio,

1033 653 1121 674 anno
1138 644 1211 682 604.
1236 641 1451 672 Caffiodorus.

1034 687 1147 718 Cicero
1179 686 1212 717 in
1243 685 1369 715 Bruto:
1408 682 1451 713 ad

1034 730 1184 760 Atticum
1200 727 1257 758 xii.
1297 727 1450 766 Epitome

1035 772 1115 803 xlix.
1141 771 1202 801 His
1219 779 1301 800 coss.
1324 767 1451 800 bellum

1035 815 1198 845 Punicum
1238 822 1284 842 111
1329 811 1450 845 initum

1036 859 1091 889 est.
1115 855 1333 896 Appianusin
1350 853 1452 884 Puni-

1037 901 1095 931 cis.
1141 899 1261 930 Censor
1297 906 1377 928 cum
1415 895 1454 926 L.

1039 942 1205 972 Cornelio.
1252 949 1339 964 annu
1377 935 1455 965 606.

1038 980 1184 1009 valerius
1215 975 1273 1009 lib.
1301 977 1346 1009 vi.
1379 985 1455 1019 cap.

1041 1028 1094 1052 11.

1242 1062 1258 1094 1

1038 1105 1072 1136 L.
1091 1105 1290 1136 MARcms
1307 1104 1343 1136 L.
1360 1079 1397 1136 ὲ.
1412 1104 1452 1136 c.

1041 1158 1074 1179 N.
1110 1157 1352 1179 cnnsonmuS.
1401 1148 1453 1180 Do

1039 1201 1105 1232 quo
1120 1191 1216 1222 nihil.
1241 1232 1257 1263 Ι

1017 1285 1019 1288 ’
1037 1277 1073 1309 L.
1088 1276 1286 1308 MARCIUS
1309 1275 1346 1306 L.
1363 1275 1398 1307 F.
1412 1274 1451 1309 L.

1037 1328 1336 1352 N.CENSOR1NUS.
1360 1319 1451 1350 Con-

1035 1363 1082 1394 sul
1113 1372 1192 1393 cum
1228 1363 1266 1394 C.
1298 1361 1450 1399 Calvisio,

1035 1416 1124 1438 anno
1141 1414 1213 1445 714·
1237 1405 1453 1436 Caffiodorus.

1034 1451 1100 1482 Dio
1117 1449 1172 1481 lib.
1188 1448 1292 1480 xlviii.

1036 1535 1074 1566 C.
1093 1533 1291 1564 MARCIUS
1310 1531 1345 1564 L.
1362 1532 1397 1563 F.
1414 1530 1452 1565 L.

1038 1587 1074 1609 N.
1094 1584 1333 1608 censeamus.
1366 1575 1455 1605 con-

1036 1621 1083 1652 sul
1100 1630 1176 1651 curn
1199 1620 1235 1650 C.
1252 1618 1376 1655 Afinio,
1393 1627 1452 1648 an-

1035 1673 1080 1694 no
1112 1670 1187 1703 745.
1239 1660 1450 1692 Caffiodorus.

1035 1707 1102 1737 Dio
1127 1707 1182 1736 lib.
1207 1705 1251 1736 lv.
1297 1703 1451 1734 Meminit

1037 1750 1161 1780 Plinius
1178 1749 1233 1780 lib.
1250 1747 1366 1779 xxxiii.
1388 1754 1438 1776 ιο.

259 2057 302 2088 Q,
316 2055 515 2086 MARCIUS
533 2053 661 2083 *REX
689 2050 807 2082 Consul
826 2059 903 2080 cum
919 2049 969 2081 M.
985 2047 1111 2084 Porcio,
1128 2055 1214 2076 anno
1231 2043 1306 2085 635.
1332 2041 1452 2074 Gaffio-

255 2100 364 2130 dorus.
410 2098 531 2129 Plinius
549 2098 604 2127 lib.
621 2097 653 2126 ii.
671 2105 742 2135 cap.
758 2104 809 2133 30.
847 2093 987 2124 Velleius
1003 2092 1059 2122 lib
1077 2092 1097 2121 i.
1136 2089 1292 2121 Meminit
1310 2086 1452 2119 Valerius

256 2142 314 2175 lib.
334 2152 363 2172 v.
381 2151 451 2181 cap.
474 2151 523 2171 10.

848 2179 863 2209 1

260 2228 303 2258 Θ.
322 2226 519 2257 MARCIUS
539 2225 578 2255 G.
598 2225 631 2255 F
650 2224 719 2254 *N.
741 2222 840 2252 REX.
886 2219 1003 2251 Consul
1027 2219 1093 2249 fine
1115 2216 1251 2257 collega,
1266 2224 1354 2247 anno
1377 2213 1454 2253 685

251 2270 469 2309 Calliodorus.
492 2269 556 2300 Dio
573 2268 626 2298 lib
646 2276 746 2298 xxxv.
772 2265 936 2296 l'aedianus
954 2265 987 2294 in
1005 2262 1162 2293 Pisonem.
