1572 2616
425 183 805 215 HISTORIARUM
839 184 1045 215 LIBROS.
1270 187 1323 231 19

185 270 217 296 et
232 263 369 304 corrigit,
386 263 458 295 ibid.
473 271 502 294 et
516 272 569 306 47.
585 264 725 296 Romani
741 265 932 305 Carthagine
947 262 1145 295 Annibalem
1156 264 1324 305 accusant,

186 308 258 338 ibid.
285 308 407 347 aufugit
429 307 468 337 ad
497 318 602 347 regem
619 308 835 344 Antiochum,
857 311 910 348 48.
926 317 979 348 49.
1008 317 1108 348 quem
1133 307 1175 338 ad
1197 308 1323 340 bellum

185 350 339 387 concitat,
355 360 408 390 34,
424 351 475 381 60.
492 352 652 382 concitare
667 358 801 381 conatur
817 352 944 388 Poenos,
958 352 1010 381 61.

229 393 299 431 ejus
319 402 398 423 cum
421 394 453 423 P.
471 393 567 424 Villio
583 400 614 424 et
638 394 670 424 P.
688 394 838 432 Scipione
853 395 1005 424 Africano
1028 392 1242 433 colloquium,
1269 400 1322 434 35,

189 446 238 475 14.
257 442 382 475 propter
403 435 564 475 colloquia
577 446 654 467 cum
671 436 767 468 Villio
785 437 955 477 suspeElus,
977 438 1006 467 se
1021 437 1106 477 apud
1120 437 1326 468 Antiochum

185 479 329 509 oratione
345 485 469 518 purgat,
489 488 537 518 ι9.

227 521 296 560 ejus
311 522 350 552 de
366 521 450 551 bello
466 522 615 552 Romano
628 522 742 559 oratio,
761 523 814 561 36,
830 529 859 559 7.
883 531 972 561 eum,
989 528 1026 553 ut
1047 528 1156 554 vatem
1171 522 1324 554 omnium

184 573 257 604 quae
269 571 453 600 evenerant,
470 565 643 596 admiratur
658 566 853 602 Antiochus,
871 573 920 605 15·-

227 607 398 646 praeficitur
413 607 511 644 claffi,
530 615 582 647 37,
600 618 652 647 23.
667 609 793 647 fugatur
807 618 824 638 a
841 608 983 643 Rhodiis,
998 618 1050 649 24.

227 650 366 690 profugit
381 651 421 680 ad
437 650 576 681 Prusiam
591 662 601 688 ς
624 652 692 689 ejus
710 651 805 684 mors*⁷
824 661 877 691 39,
895 659 946 691 51.

142 692 177 723 1..
192 692 333 731 Annius,
362 700 477 732 praetor
504 694 703 731 Latinorum,
728 695 869 724 Romam
893 700 1058 729 evocatus,
1086 695 1118 730 8,
1137 703 1167 732 3.
1197 691 1265 731 ejus
1289 693 1325 723 in

184 735 323 765 concilio
348 737 537 766 Latinorum
564 738 677 776 oratio,
691 747 723 776 4.
747 737 779 766 in
807 737 915 766 senatu
942 736 1090 766 Romano
1114 735 1262 775 postulat,
1285 742 1325 766 ut

183 778 294 808 consul
318 778 396 808 alter
409 786 439 808 et
456 779 638 810 senatorum
654 789 724 819 pars
747 780 880 809 dimidia
896 789 912 809 e
930 780 1019 810 Latio
1035 780 1215 816 sumantur,
1233 785 1262 818 5.
1278 778 1326 808 la-

183 820 269 851 bitur
285 828 316 852 et
328 822 371 852 ita
387 822 577 861 impingitur
594 823 680 858 saxo,
698 829 734 852 ut
750 823 898 862 sopiatur,
915 822 945 852 6.

140 863 180 895 T.
196 864 336 899 Annius,
352 866 498 894 triumvir
513 865 650 895 coloniae
665 865 874 903 deducendae,
888 865 930 895 ob
948 865 1099 895 Boiorum
1115 863 1325 894 rebellionem

184 906 352 937 Mutinam
368 908 525 947 confugit,
541 918 592 944 21,
611 918 663 948 25.

139 948 180 980 T.
194 950 322 980 Annius
344 950 474 987 Luscus,
501 959 625 990 praetor,
651 960 706 990 41,
721 961 772 983 22.
799 951 922 990 legatus
944 950 984 980 ad
1006 959 1053 980 res
1080 949 1264 990 repetendas
1291 948 1327 978 in

184 992 415 1022 Macedoniam
431 994 552 1030 missus,
569 1004 624 1034 42,
640 1003 690 1034 25.
714 995 859 1025 triumvir
880 993 1004 1024 colonis
1018 992 1204 1033 Aquileiam
1226 991 1327 1022 dedu-

184 1036 306 1071 cendis,
320 1046 372 1075 43,
393 1046 442 1075 ¹9·

140 1077 180 1107 T.
197 1079 323 1108 Annius
341 1079 437 1116 Milo,
454 1079 538 1118 Epit.
559 1088 628 1118 ¹04·
650 1086 721 1116 107.

140 1121 290 1150 Annonae
308 1121 418 1151 habita
430 1131 506 1152 cura
520 1122 642 1155 Romae,
662 1133 692 1157 2,
712 1131 742 1160 9.
769 1131 820 1159 10,
841 1131 892 1152 11.

140 1164 290 1194 Annonae
306 1165 429 1197 caritas,
444 1171 538 1203 atque
550 1166 623 1195 inde
638 1164 751 1201 turbae,
771 1175 801 1201 2,
821 1174 872 1203 34.
895 1174 929 1204 4,
945 1174 996 1196 12.

140 1206 290 1236 Annonae
305 1207 422 1244 vilitas,
442 1217 494 1244 31,
512 1217 562 1247 50.
586 1215 676 1238 tanta
691 1214 727 1238 ut
744 1214 903 1238 mercator
917 1217 973 1248 pro
989 1206 1118 1237 vectura
1132 1205 1239 1236 nautis
1253 1203 1326 1235 reli·

183 1250 287 1288 querit
303 1250 516 1286 frumentum,
532 1260 584 1289 30,
605 1253 656 1289 38.

140 1291 264 1322 Annuli
281 1294 435 1331 gemmati
454 1293 593 1330 Sabinis,
612 1304 641 1330 1,
663 1302 712 1323 11.

141 1349 185 1357 —-
199 1335 284 1364 aurei
297 1345 394 1373 quare
407 1343 436 1365 et
452 1337 582 1374 quando
598 1336 712 1367 Romae
728 1335 844 1375 positi?
871 1346 902 1375 9,
922 1342 950 1372 7.
966 1335 1021 1374 46.

140 1392 185 1399 —
200 1378 376 1407 occisorum
399 1379 437 1408 ad
462 1379 589 1409 Cannas
605 1380 830 1409 Romanorum
853 1378 996 1417 demasii,
1014 1377 1162 1407 modium
1179 1375 1325 1415 explent,

188 1429 237 1457 23³
259 1430 307 1451 12·

143 1462 276 1492 Annulo
299 1463 441 1493 Marcelli
461 1465 579 1502 potitur
592 1464 747 1500 Annibal,
765 1473 866 1502 eoque
889 1464 998 1493 frustra
1013 1463 1052 1492 ad
1076 1461 1220 1491 fraudem
1236 1459 1327 1490 abuti

186 1513 333 1540 conatur,
352 1514 404 1543 27,
422 1509 471 1537 28.

141 1548 255 1578 Annus
280 1557 297 1577 a
321 1548 431 1578 Numa
448 1549 606 1589 Pompilio
627 1550 667 1580 ad
691 1550 819 1580 cursum
835 1549 935 1578 Lunae
959 1549 990 1578 in
1007 1546 1181 1577 duodecim
1203 1544 1330 1576 menses

184 1590 371 1630 descriptus,
390 1601 417 1626 1,
439 1602 486 1630 ¹9-

140 1632 228 1663 Anni
251 1635 424 1664 consularis
449 1636 644 1674 principium
664 1635 817 1666 Kalendae
840 1633 987 1666 Sextiles,
1008 1642 1037 1669 3,
1057 1633 1086 1662 6.
1111 1631 1186 1661 Idus
1212 1629 1327 1668 Maiae,

187 1685 218 1714 3,
237 1676 287 1713 36.
308 1679 356 1715 38.
384 1678 456 1707 Idus¹
473 1678 680 1715 Decembres,
694 1688 726 1717 4,
746 1687 797 1715 37.
827 1686 858 1716 5,
874 1688 904 1716 9.
941 1675 1095 1705 Kalendae
1109 1673 1275 1711 octobres,
1293 1680 1327 1713 5,

185 1729 217 1759 9.
235 1719 388 1749 Kalendae
405 1721 580 1758 Quintiles,
594 1730 625 1760 5,
641 1731 690 1759 32.
716 1721 747 1756 8,
761 1730 810 1750 20.
836 1720 911 1749 Idus
923 1719 1062 1753 Martiae‚
1075 1727 1127 1753 22,
1146 1727 1175 1746 1.

141 1761 314 1792 Annorum
332 1763 465 1799 indices,
481 1763 575 1799 clavi,
590 1765 675 1801 apud
691 1763 863 1796 Volsinios,
881 1768 911 1796 7,
930 1769 959 1797 3.
980 1759 1047 1789 vid.
1065 1759 1196 1789 Clavus.

142 1804 350 1841 Anquisitum
365 1806 490 1844 capitis,
508 1815 537 1840 2,
558 1814 606 1844 52.
628 1806 680 1842 26,
699 1813 727 1841 3.
754 1805 914 1842 pecuniae,
931 1801 1003 1831 ibid.

144 1846 276 1877 Anseres
288 1848 407 1877 Junoni
425 1849 513 1883 sacri,
528 1847 676 1885 Capitolii
694 1847 876 1882 servatores,
893 1855 925 1884 5,
940 1852 995 1883 47.

144 1889 356 1919 Antemnates
374 1891 510 1919 Romam
528 1891 566 1920 ad
589 1890 680 1919 ludos
697 1889 948 1928 proficiscuntur,
972 1896 999 1923 r,
1018 1895 1047 1924 9.
1075 1884 1200 1916 bellum
1215 1890 1328 1925 parant

188 1932 229 1961 ob
247 1939 374 1971 raptum
392 1932 542 1968 filiarum,
565 1942 612 1962 10.
630 1932 772 1971 palantes
788 1932 819 1960 in
834 1931 914 1970 agris
930 1930 1170 1969 opprimuntur,
1191 1938 1201 1958 1
1213 1938 1240 1958 1.

141 1974 289 2005 Antenor
303 1975 450 2012 Trojanis
462 1985 540 2005 curn
556 1974 762 2005 multitudine
779 1973 944 2004 Henerum
960 1973 1047 2002 venit
1064 1973 1097 2001 in
1113 1971 1219 2001 sinum
1233 1969 1329 2001 Adri-

189 2024 325 2053 aticum,
347 2027 374 2052 1,
398 2027 406 2047 ι

143 2060 301 2096 Antenor,
319 2060 482 2098 praefeaus
499 2060 600 2091 claffis
616 2059 851 2094 Macedonicae,
866 2067 922 2097 44,
941 2058 992 2089 28.
1015 2064 1070 2097 45,
1092 2065 1140 2087 10.
1160 2064 1212 2094 3¹-

145 2104 295 2133 Anvefixa
311 2103 418 2133 fielilia
434 2104 577 2133 Deorum
591 2103 827 2138 Romanorum,
841 2110 894 2140 34,
912 2110 944 2139 4.

146 2145 331 2184 Antepilani
350 2147 381 2175 in
399 2146 526 2182 militia,
543 2156 574 2181 o,
592 2148 623 2176 8.

147 2187 352 2227 Antesignani
368 2188 545 2227 legionum,
565 2200 596 2222 2.
614 2198 664 2219 20.
691 2196 721 2225 7,
741 2197 791 2227 33.
817 2196 870 2224 22,
885 2194 915 2226 5.
941 2192 994 2222 27,
1011 2185 1061 2216 18.

148 2231 261 2259 Antias
275 2230 430 2265 Valerius,
446 2231 512 2262 vid.
529 2231 682 2262 Valerius.

148 2272 305 2308 Antiates,
322 2273 388 2303 vid.
404 2275 553 2304 Antium.

147 2316 302 2354 Anticyra
318 2323 501 2356 oppugnata
516 2323 547 2346 et
562 2322 656 2356 capta
673 2316 804 2348 traditur
820 2313 951 2350 AEtolis,
969 2313 1021 2350 26,
1041 2311 1091 2344 26.
1105 2309 1172 2343 vid.
1188 2316 1215 2340 et
1232 2310 1286 2345 28.
1297 2309 1330 2341 8.

193 2364 224 2387 et
243 2367 294 2395 32,
316 2359 364 2387 18.

150 2400 387 2442 Anstgonensm
405 2410 458 2440 42,
476 2401 526 2441 58.
549 2410 604 2441 43,
620 2408 670 2441 25.
