1572 2616
479 179 853 209 HISTORIARUM
880 178 1086 208 LIBROS.
1293 175 1370 222 197

176 259 372 292 Praediorum
395 259 586 291 rusticorum
607 259 784 291 locationes
806 259 892 300 apud
916 258 1113 290 Macedonas
1140 256 1287 296 sublatae,
1315 266 1373 300 45,

227 304 276 334 18.

176 346 303 377 Praediis
319 345 538 386 praedibusque
560 345 682 386 populo
705 346 902 384 cavendum,
921 345 941 376 fi
957 355 1000 376 ex
1015 344 1124 375 aerario
1140 345 1282 385 pecunia
1297 353 1374 375 mu-

223 396 279 420 tua
294 389 397 426 detur,
415 399 467 426 22,
485 389 537 420 60,

179 432 346 463 Praedones
362 433 514 463 terrestres
527 438 557 462 et
573 432 740 469 maritimi,
761 440 791 471 7,
810 439 862 474 25.

178 474 345 506 PraefeEtus
360 485 500 505 annonae
516 476 551 506 L.
568 476 750 513 Minucius,
767 486 801 516 4,
819 485 870 507 12.

176 517 316 549 Praefeffi
333 518 481 558 Capuam
497 519 640 558 primum
655 519 765 556 creati,
784 530 816 560 9,
831 529 882 550 20.
895 517 962 548 vid.
980 524 1008 548 et
1024 517 1077 554 26,
1097 517 1148 549 16.

178 561 317 592 Praefeffi
335 561 494 592 sociorum
510 562 543 592 in
559 563 715 601 exercitu,
732 563 766 599 8,
783 564 836 601 36.
862 572 915 601 23,
936 569 965 598 7.
991 571 1044 601 34,
1060 568 1114 601 47.

176 604 288 635 Praelia
312 604 482 635 Gallorum
513 605 616 644 prima
640 606 725 646 plus,
750 615 851 644 quam
879 605 1035 642 virorum,
1065 605 1224 645 postrema
1253 602 1376 641 minus,

220 657 320 687 quam
335 649 544 684 feminarum,
561 648 647 679 sunt.
663 649 729 679 vid.
747 649 844 679 Galli.

174 690 337 721 Praelium.
370 692 409 721 In
426 691 491 730 ipso
506 692 689 722 discrimine
712 692 814 722 Praelii
830 691 954 731 templa
968 691 1038 721 Diis
1055 690 1192 722 vovendi
1214 699 1298 729 mOS,
1320 699 1373 729 10,

220 744 273 774 42.
292 734 358 763 vid.
377 741 404 763 et
421 735 541 773 Pugna.

178 777 314 808 Praemia
329 776 485 808 militum.
501 777 568 808 vid.
586 777 693 809 Miles.

175 820 342 858 Praeneste,
362 822 393 858 6,
412 830 464 859 29.
490 829 520 858 7,
542 831 591 851 12.
616 824 670 859 28,
687 831 718 860 9.
741 831 796 861 43,
822 831 850 853 2.
875 821 1028 851 Praeneste
1040 819 1182 850 desciscit
1198 819 1238 849 ab
1254 819 1376 849 Latinis

219 864 259 894 ad
283 865 460 902 Romanos,
479 875 509 902 2,
531 874 580 903 ¹9·
604 865 754 905 recipitur
776 875 830 905 per
845 864 1044 895 deditionem
1067 872 1086 893 a
1107 862 1147 893 T.
1166 862 1316 899 Quintio,
1336 862 1368 901 6,

226 916 277 945 29.

176 949 356 980 Praenestini
380 949 550 987 deficiunt,
567 951 598 986 6,
616 961 667 982 21.
692 951 729 980 iis
751 950 876 982 bellum
900 950 1071 986 indietum‚
1089 959 1140 981 22.
1164 956 1196 980 et
1219 948 1374 986 inlatum,

220 1001 272 1030 27.
289 994 411 1023 vastant
423 1003 534 1032 agrum
545 993 748 1030 Romanum,
761 994 812 1024 sed
826 996 1013 1030 vincuntur,
1031 995 1082 1025 28.
1096 1000 1127 1023 et
1144 1002 1195 1031 29.
1213 992 1378 1023 Praenesti-

219 1045 336 1066 norum
360 1036 432 1067 0610
454 1036 571 1077 oppida
587 1046 692 1077 capta,
711 1037 783 1068 ibid.
800 1038 953 1068 Praeneste
976 1037 1145 1067 deveetum
1159 1037 1248 1066 Jovis
1265 1036 1373 1075 Impe-

220 1081 330 1110 ratoris
346 1080 471 1119 lignum
495 1081 528 1110 in
553 1081 752 1120 Capitolium
767 1081 885 1118 latum,
903 1080 972 1110 ibid.
997 1080 1179 1110 Praenestini
1203 1078 1372 1116 rebellant,

221 1132 272 1162 30.
305 1130 435 1153 tuentur
458 1123 610 1157 Pedanos,
635 1125 666 1160 8,
696 1134 744 1155 12.
772 1123 970 1154 muIRantur
993 1133 1080 1163 agr0‚
1106 1133 1155 1163 14.
1193 1122 1378 1152 Praenestini

219 1166 386 1205 quingenti
411 1175 489 1196 cum
506 1166 653 1197 Perusina
675 1168 806 1197 cohorte
830 1169 897 1206 post
920 1166 1122 1197 Cannensem
1145 1174 1292 1205 pugnam
1322 1165 1378 1195 de-

219 1209 356 1240 fendunt
372 1209 552 1240 Casilinum
575 1210 722 1240 adversus
744 1210 955 1247 Annibalem,
974 1220 1026 1249 23,
1047 1217 1184 1250 17—19.
1208 1208 1291 1248 paffi
1307 1218 1377 1248 pre-

220 1253 317 1289 tium,
341 1262 407 1292 quo
430 1253 673 1290 redimerentur,
698 1253 728 1283 se
754 1254 896 1289 tradunt,
917 1264 966 1295 19.
990 1254 1028 1283 iis
1054 1252 1180 1283 senatus
1207 1252 1376 1282 Romanus

220 1295 338 1334 duplex
354 1296 549 1336 stipendium
572 1303 603 1326 et
625 1297 840 1336 quinquennii
858 1296 982 1327 militiae
998 1297 1202 1327 vacationem
1217 1295 1374 1334 decernit,

224 1348 240 1368 2
246 1347 261 1376 3
268 1360 277 1375 ‚
294 1348 346 1369 20.

178 1380 375 1411 Praenestinis
390 1381 530 1412 infensus
547 1381 581 1412 L.
597 1382 779 1413 Postumius
793 1382 944 1420 Albinus,
963 1382 1088 1420 consul,
1104 1392 1158 1422 42,
1180 1391 1208 1412 1.

179 1424 360 1454 Praenestini
378 1431 518 1460 montes,
537 1434 568 1462 3,
585 1426 614 1455 8.

178 1466 387 1505 Praerogativa
399 1467 555 1503 centuria,
573 1475 604 1507 5,
625 1469 673 1498 18.
691 1467 759 1497 vid.
775 1475 804 1497 et
824 1477 874 1505 10,
891 1478 943 1499 22.
968 1478 1022 1508 24,
1042 1477 1068 1505 7.
1085 1474 1114 1498 et
1129 1478 1160 1508 9.
1179 1468 1233 1506 26,
1251 1476 1306 1499 22.

176 1509 321 1539 Praefidio
336 1510 498 1547 decedere,
516 1511 601 1550 apud
618 1511 783 1541 Romanos
795 1510 945 1551 capitale,
964 1522 1018 1552 24,
1035 1518 1086 1550 37.

181 1552 378 1584 Praesultator
396 1552 536 1592 ingratus
551 1554 636 1590 jovi,
656 1564 686 1591 2,
704 1555 757 1592 36.

176 1596 332 1627 Praetexta
348 1603 434 1636 toga,
455 1605 485 1633 r,
503 1598 534 1627 8.
557 1596 624 1627 vid.
640 1598 743 1637 Toga.

175 1640 357 1670 Praetextati
374 1640 533 1677 consules,
551 1648 677 1680 praetor,
694 1639 802 1671 aediles
816 1639 956 1676 curules,
972 1647 1003 1678 7,
1023 1649 1050 1670 1.

176 1683 372 1719 Praetextati,
388 1683 419 1713 id
442 1685 497 1720 est,
516 1685 571 1723 qui
594 1685 744 1715 nondum
766 1690 876 1724 togam
895 1683 1021 1715 virilem
1042 1682 1232 1722 sumfiffent,
1247 1681 1376 1722 assumti

221 1727 261 1756 ad
278 1726 442 1763 militiam,
461 1737 514 1764 22,
533 1735 583 1767 57.

175 1769 292 1799 Praetor
307 1769 386 1799 olim
404 1770 502 1805 idem,
519 1771 572 1810 qui
589 1769 715 1807 consul,
733 1781 764 1810 3,
784 1777 835 1810 55.
859 1777 974 1810 praetor
990 1770 1169 1807 maximus,
1189 1778 1221 1807 7,
1241 1779 1272 1808 3.

178 1812 307 1848 Praetor,
324 1815 377 1851 qui
389 1813 442 1850 jus
459 1814 490 1842 in
505 1814 581 1843 urbe
596 1814 724 1847 diceret,
740 1823 779 1844 ex
794 1814 952 1850 Patribus,
969 1820 1106 1851 creatus,
1124 1816 1157 1850 6,
1173 1823 1227 1853 42.
1255 1820 1286 1851 7,
1306 1821 1336 1843 1.

175 1872 219 1879 —
235 1854 357 1894 collega
379 1856 577 1894 consulibus,
594 1863 691 1896 atque
714 1857 823 1887 iisdem
846 1857 992 1897 auspiciis
1015 1863 1152 1893 creatuS,
1168 1865 1199 1895 3,
1218 1862 1271 1897 55.
1297 1862 1328 1894 7,
1348 1863 1376 1886 1.

224 1899 257 1933 8,
274 1908 324 1936 32.

179 1958 224 1964 —
240 1940 381 1980 plebeius
398 1941 533 1980 primm,
551 1942 584 1978 8,
606 1949 656 1982 15.

177 2001 221 2007 —
238 1984 304 2019 sex,
324 1993 377 2022 32,
397 1991 447 2020 27.

177 2044 222 2050 --
238 2028 361 2057 rursum
377 2034 527 2065 quatuor,
545 2027 595 2057 sed
611 2026 722 2064 semel,
738 2037 793 2067 40,
810 2036 863 2067 44.

177 2071 294 2101 Praetor
309 2071 450 2100 urbanus
467 2071 612 2101 senatum
629 2078 735 2108 vocat,
755 2081 808 2108 22,
826 2079 878 2112 55.
902 2080 920 2101 a
941 2070 1050 2102 senatu
1071 2069 1203 2110 jubetur
1218 2069 1377 2101 senatores

222 2123 262 2143 ex
279 2120 344 2144 tota
361 2113 452 2143 ltalia
469 2114 612 2144 Romam
628 2114 732 2144 edicto
749 2123 876 2152 vocare,
890 2124 946 2155 43,
969 2124 1018 2153 13·

182 2156 297 2185 —fert
314 2156 418 2195 legem
434 2158 472 2186 ad
489 2157 663 2196 populum,
681 2165 733 2195 27,
752 2167 803 2196 23.

178 2215 222 2220 —
236 2199 312 2228 facit
327 2198 418 2229 ludos
435 2200 647 2239 Apollinares,
665 2211 718 2240 23,
736 2211 787 2240 32.
813 2209 866 2238 27,
885 2210 936 2239 23.

180 2242 368 2277 praetorum,
385 2253 523 2281 quorum
535 2243 710 2281 jurisdictio
725 2245 780 2281 est,
795 2243 980 2281 tribunalia,
997 2252 1048 2282 23,
1068 2252 1119 2282 32.
1143 2248 1196 2279 27,
1216 2249 1268 2282 50.

178 2284 342 2320 Praetores,
356 2286 453 2315 etiam
469 2286 585 2325 quibus
597 2286 771 2325 jurisdictio
787 2287 1028 2324 evenerat,juffi
1045 2295 1113 2317 rem
1131 2285 1304 2317 militarem
1320 2285 1377 2316 ad-

228 2327 416 2365 ministrare,
436 2338 488 2367 23,
506 2339 557 2367 32.

183 2370 299 2400 Praetor
315 2371 468 2411 Arpinus,
487 2381 540 2412 24,
555 2379 610 2412 47.
