1572 2616
420 135 791 166 HISTORIARUM
823 135 1031 166 menos.
1245 135 1324 179 233

133 217 263 253 Sibaris,
277 215 366 254 urbs,
383 217 434 256 36,
453 225 504 257 39.

134 258 269 299 Sibylla,
289 269 318 295 1,
337 267 364 296 7.

133 302 263 342 Sibyllae
279 303 422 332 carmina
438 301 476 331 de
492 300 630 331 termino
645 300 732 331 fatali
749 301 873 341 imperii
890 300 1044 338 Romani,
1062 301 1116 339 38,
1132 306 1188 341 45.

133 344 280 384 Sibyllini
295 345 365 375 libri
381 345 472 381 aditi,
489 353 520 382 3,
539 353 588 374 10.
612 351 644 383 5,
665 354 714 383 13.
740 352 769 381 7,
789 352 840 381 27.
865 354 918 379 21,
937 345 988 375 62.
1013 354 1066 381 22,
1086 354 1114 374 1.
1139 355 1170 384 9.
1197 351 1247 372 10.
1271 341 1323 380 36.

175 394 204 416 et
221 395 270 427 57.
297 397 349 426 29,
368 397 417 418 10.
445 388 497 425 36,
516 395 568 425 37.
591 396 647 426 41,
666 388 718 418 26.
734 386 801 417 vid.
820 387 916 417 Libri.

135 429 270 460 Siccitas
286 431 397 468 ingens
411 431 443 459 in
459 429 535 459 urbe
551 435 582 459 et
597 439 670 467 agro
687 430 850 466 Romano,
867 439 900 468 4,
919 439 969 467 30.
992 439 1046 468 40,
1065 437 1117 466 29.

134 472 171 502 L.
188 472 325 510 Siccius,
339 474 385 502 vir
402 472 595 510 fortiffirnus,
611 473 720 502 fraude
743 472 998 502 decemvirorum
1014 470 1207 506 interfectus,
1225 479 1255 507 3,
1273 478 1326 508 33.

134 514 255 548 Sicilia,
276 525 304 550 1,
326 526 352 545 1.
377 516 409 544 in
434 515 577 544 Siciliam
595 516 682 544 venit
697 515 831 552 AEneas,
845 515 916 545 ibid.
938 517 970 544 in
998 514 1106 544 Sicilia
1123 514 1326 543 frumentum

172 564 298 587 emtum
313 564 439 597 propter
455 558 619 587 caritatem
635 567 787 594 annonae,
806 568 836 594 2,
856 567 905 596 34.
933 558 964 586 in
985 555 1129 587 Siciliam
1145 555 1325 586 exercitum

171 601 302 638 quando
332 602 475 639 primum
503 600 682 637 trajecerint
709 600 996 639 Carthaginienses,
1009 610 1042 639 4,
1059 609 1109 637 29.
1143 608 1163 628 a
1185 597 1329 637 tyrannis

175 642 292 672 Siciliae
309 643 434 672 missam
457 643 632 682 suspicatur
648 643 756 673 Livius
779 643 909 673 classem
932 642 1133 678 Graecorum,
1150 650 1222 680 quae
1239 649 1328 671 mare

172 684 341 715 Etruscum
357 686 506 715 infestum
518 685 670 723 habebat,
687 693 718 722 7,
735 693 786 725 25.
799 693 831 715 et
848 686 901 717 26.

127 726 237 757 Sicilia
249 728 398 758 deseritur
415 737 433 758 a
455 728 573 764 Poenis,
594 729 646 765 26,
664 739 718 768 40.
742 728 860 758 Siciliae
878 737 924 757 res
947 727 1115 766 componit
1131 726 1253 765 Scipio,
1270 735 1325 766 29,

175 780 202 800 1.
226 770 344 801 Siciliae
361 770 528 801 calamitas
541 772 582 800 ob
599 778 707 801 motus
724 771 860 808 serviles,
877 771 945 800 vid.
960 770 1061 807 Servi,
1078 769 1226 808 Fugitivi.

127 812 312 843 Siculorum
337 824 385 844 res
407 823 426 843 a
451 814 498 843 M.
517 813 672 843 Marcello
695 813 893 852 compotitae,
911 821 966 853 25,
982 822 1036 852 40.
1060 821 1171 842 eorum
1190 809 1328 849 querelae

171 855 211 885 de
228 855 396 892 Marcello,
415 857 468 895 26,
485 867 536 897 29.
560 866 672 887 eorum
697 858 797 887 oratio
826 858 859 886 in
886 857 1008 892 senatu,
1027 865 1079 892 30.
1103 855 1140 884 iis
1157 853 1325 893 respondet

176 897 363 936 Marcellus,
383 909 433 937 31.
457 900 495 928 de
519 909 555 929 ea
579 910 609 929 re
633 899 954 937 senatusconsultum,
973 908 1024 937 32.
1049 897 1150 929 Siculi
1177 896 1272 936 legati
1287 894 1329 926 ad

170 940 316 971 Marcelli
333 951 437 980 genua
455 941 484 971 se
500 941 686 981 projiciunt,
701 951 752 981 33.

129 982 279 1014 Siculum
298 985 428 1020 fretum,
449 994 478 1022 1,
497 994 527 1015 2.

126 1026 255 1057 Sicilius
272 1027 367 1057 securi
385 1026 557 1066 percussu3‚
576 1036 630 1066 23,
649 1035 702 1066 37.

129 1068 296 1103 Sicimina‚
313 1077 487 1109 mons‚45,
509 1079 558 1100 12.

126 1110 166 1141 C.
179 1111 332 1148 Sicinius,
349 1112 458 1142 auCtor
474 1112 650 1142 seceffionis
666 1113 699 1142 in
711 1112 836 1142 sacrum
853 1118 1015 1149 montem,
1033 1121 1065 1149 2,
1085 1120 1138 1150 3²·
1169 1111 1251 1140 inter
1265 1109 1332 1149 pri·

170 1163 242 1184 mos
258 1155 402 1185 tribunos
420 1155 532 1194 plebis,
552 1164 602 1193 33.
620 1155 686 1185 vid.
705 1162 733 1184 et
751 1165 781 1194 3,
800 1163 851 1195 54.

126 1195 166 1226 C.
183 1197 336 1234 Sicinius,
353 1198 501 1227 tribunus
518 1198 631 1237 plebis,
650 1208 681 1234 2,
700 1200 752 1237 58.
775 1199 862 1228 diem
880 1198 956 1228 dicit
973 1199 1036 1237 Ap.
1053 1196 1203 1232 Claudio,
1218 1195 1272 1226 61.

125 1239 165 1269 C.
183 1239 335 1276 Sicinius,
353 1241 499 1270 tribunus
518 1241 617 1279 plebis
634 1242 700 1280 post
724 1241 928 1271 secessionem
945 1242 976 1270 in
994 1241 1208 1276 Aventinum,
1228 1247 1258 1276 3,
1277 1245 1330 1278 54.

125 1281 165 1312 C.
183 1282 335 1319 Sicinius,
351 1282 474 1321 legatus
491 1292 508 1313 a
525 1283 634 1313 senatu
649 1283 772 1318 miffus,
787 1294 842 1323 43,
862 1292 892 1321 7.

129 1323 189 1354 Cn.
217 1325 357 1355 Sicinius
382 1326 496 1361 aedilis,
522 1327 598 1364 petit
630 1333 816 1365 praeturam,
847 1336 900 1367 39,
926 1334 976 1365 39.
1002 1325 1037 1355 fit
1065 1334 1152 1355 anno
1181 1324 1332 1363 sequente

172 1374 300 1406 praetor,
318 1374 348 1397 et
365 1369 488 1398 sortitur
506 1369 698 1405 Sardiniam,
717 1377 771 1409 45.

128 1409 190 1439 Cn.
203 1410 358 1447 Sicinius,
375 1412 522 1441 triumvir
537 1411 674 1442 coloniae
692 1413 815 1442 Lucam
831 1410 1040 1445 deducendae,
1057 1419 1112 1449 41,
1135 1417 1184 1446 17.

126 1452 186 1483 Cn.
205 1453 356 1488 Sicinius,
373 1459 502 1493 praetor,
525 1464 579 1493 42,
603 1465 634 1494 9.
659 1455 692 1484 in
721 1454 875 1494 Apuliam
903 1454 1042 1483 mittitur
1067 1453 1106 1482 ad
1134 1450 1330 1490 colligendae

172 1495 322 1531 locustas,
340 1505 389 1526 10.
412 1497 537 1526 obtinet
561 1497 790 1527 Macedoniam
814 1496 1025 1536 provinciam,
1041 1502 1208 1534 prorogato
1225 1496 1258 1525 in
1271 1502 1330 1524 an-

172 1547 253 1568 num
271 1539 413 1577 imperio,
433 1547 484 1576 27.
508 1539 680 1578 paludatus
696 1540 905 1579 proficiscitur
920 1549 961 1569 ex
979 1538 1068 1574 urbe,
1086 1537 1159 1569 ibid.

128 1580 165 1611 1..
181 1581 334 1618 Sicinius,
348 1582 494 1612 tribunus
511 1581 624 1621 plebis,
641 1584 673 1620 6,
690 1584 721 1613 6.

127 1623 168 1654 T.
186 1624 336 1661 Sicinius,
354 1624 476 1662 consul,
496 1635 527 1662 2,
543 1635 597 1664 40.

126 1666 168 1696 T.
185 1667 338 1702 Sicinius,
355 1667 435 1697 lator
451 1668 623 1706 rogationis
637 1668 676 1698 de
691 1668 860 1706 migrando
875 1667 981 1700 Veios,
1000 1674 1030 1707 5,
1046 1676 1097 1706 24.

129 1709 263 1748 Sicyon,
287 1710 375 1747 urbs,
394 1717 447 1746 27,
467 1720 518 1748 3¹·
544 1719 596 1750 35,
614 1719 666 1750 25.
713 1711 850 1750 Sicyone
875 1711 1099 1739 Romanorum
1122 1707 1327 1746 aliorumque

174 1751 369 1790 populorum
386 1752 496 1794 legatis
511 1753 624 1783 datum
641 1754 839 1784 Achaeorum
857 1753 1046 1789 concilium,
1064 1761 1117 1788 22,
1140 1760 1189 1790 ¹9·

129 1793 299 1833 Sicyonius
315 1803 400 1833 ager,
424 1804 476 1833 33,
499 1803 548 1834 15.

130 1837 220 1872 Sida,
235 1837 405 1875 oppidum,
426 1845 478 1877 35,
499 1847 548 1875 ¹3·
574 1844 626 1876 37,
645 1847 698 1876 23.

129 1879 258 1911 Sidetae,
275 1879 399 1918 populi,
417 1888 469 1919 35,
482 1882 535 1918 48.

131 1922 278 1958 Sidicini,
295 1931 314 1951 a
331 1923 530 1952 Samnitibus
552 1922 638 1952 bello
654 1921 796 1957 lacessiti,
813 1921 912 1951 socios
929 1921 982 1951 fibi
1001 1926 1113 1960 parant
1129 1919 1327 1958 Campanos,

173 1973 204 2002 7,
223 1975 274 2004 29.
299 1966 401 1994 rursus
416 1965 457 1994 ab
481 1965 590 1995 iisdem
615 1966 812 2004 impugnati,
829 1964 1026 1994 deditionem
1042 1964 1143 1993 facere
1157 1961 1270 1991 volunt
1285 1961 1326 1990 ad

172 2007 358 2044 Roman053
383 2016 401 2037 a
416 2008 533 2046 quibus
557 2008 726 2047 repudiati,
743 2008 865 2037 dedunt
882 2007 911 2036 se
928 2007 1060 2042 Latinis,
1076 2007 1108 2040 8,
1130 2014 1156 2034 1.
1174 2013 1204 2033 et
1223 2013 1251 2032 2.
1276 2003 1327 2032 Si-

171 2049 294 2079 dicinos
319 2051 401 2079 inter
415 2057 447 2080 et
469 2052 639 2080 Auruncos
655 2050 791 2088 bellum,
811 2059 861 2090 15.
883 2050 1058 2080 vincuntur
1081 2046 1211 2078 Sidicini
1226 2055 1245 2076 a
1261 2044 1327 2074 Ro-

174 2092 290 2127 manis,
310 2094 359 2122 16.
373 2099 404 2122 et
424 2100 473 2128 17.

130 2133 292 2164 Sidicinus
307 2144 392 2173 ager,
414 2144 464 2172 10,
486 2144 535 2174 14.
561 2138 612 2171 26,
632 2144 663 2174 9.

131 2176 268 2211 Sidonii,
285 2177 406 2215 populi,
426 2187 478 2217 35,
492 2179 547 2216 48.

131 2218 225 2248 Sidus
239 2218 461 2259 Vergiliarum,
479 2229 531 2257 21,
549 2227 600 2260 35·

132 2261 277 2299 Sigeum,
294 2271 349 2300 44,
367 2263 419 2292 28.

133 2304 303 2341 Signatum
319 2310 500 2342 argentum,
516 2302 582 2334 vid.
600 2304 791 2343 Argentum.

133 2347 253 2385 Signia,
271 2345 413 2384 colonia,
427 2356 455 2385 1,
474 2348 527 2387 5⁶·
552 2357 582 2385 2,
596 2355 645 2377 21.
670 2348 702 2385 8,
716 2355 746 2385 3.
772 2354 825 2384 32,
843 2355 871 2377 2·
