1572 2616
192 148 248 191 90
630 150 968 181 xomAwonuu

559 231 704 271 postridie
720 230 835 268 vifflus,
853 231 965 261 amisso
988 237 1019 262 et
1042 231 1208 271 profligato
1225 235 1385 270 exercito,

561 276 595 304 in
610 275 685 314 fuga
702 275 841 305 Stratoni
861 275 972 304 comiti
996 274 1079 304 latus
1102 276 1281 306 feriendum
1306 286 1385 317 prae-

556 318 639 348 buit.
685 318 747 348 Dio
762 317 818 347 lib.
836 318 893 348 xli.
939 318 1089 357 Epitoma
1105 320 1191 350 cxvi.
1206 327 1238 349 et
1253 321 1386 359 sequen-

557 360 652 391 tibus.
690 361 858 400 Appianas
874 371 907 390 v.
944 361 1134 391 Plutarchus
1150 362 1183 392 in
1201 363 1266 392 vita
1282 363 1382 393 Bruti.

558 404 731 434 Suetonius
744 410 774 434 et
790 404 930 433 Zonaras
947 405 979 433 in
996 404 1116 433 Caesare
1138 412 1169 434 et
1191 405 1381 435 OEIaviano.

556 446 698 477 Velleius
713 447 745 476 ii.
773 447 884 476 Cicero
900 447 938 476 ad
954 447 1115 484 Atticum,
1134 448 1165 477 in
1183 447 1384 488 Philippicis.

555 489 700 520 Valerius
722 489 778 520 lib.
797 490 817 520 i.
841 500 871 529 4.
890 496 920 529 5.
944 496 975 520 et
997 490 1040 520 vi.
1054 500 1086 529 4.
1103 497 1135 520 et
1157 490 1214 523 lib.
1231 491 1274 521 ix.
1310 491 1384 521 Flo·
1409 502 1411 504 “

558 543 622 564 rus.
646 533 832 572 Eutropius,
849 539 879 562 et
895 532 960 563 alii.

188 659 429 691 SERVILII
558 661 589 692 P.
614 661 837 692 SERVILIUS
862 663 900 693 C.
923 662 958 693 F.
983 661 1031 692 M.
1054 661 1099 692 N.
1121 662 1267 692 VATIA.
1314 662 1381 692 Qui

187 703 215 734 V
237 704 268 734 A
288 704 318 735 T
341 704 357 735 I
376 705 434 736 JE.
553 705 660 745 postea
676 715 869 735 lstlumcus
887 706 930 736 est
945 704 1134 745 appellatus,
1166 704 1285 736 Consul
1301 714 1381 736 cum

552 749 617 788 Ap.
632 748 781 786 Claudio,
798 758 884 779 anno
901 749 974 788 674.
1009 748 1217 778 Caffiodorus.
1249 747 1377 779 Bellum

553 792 587 822 in
603 791 716 822 Cilicia
731 801 809 822 cum
824 792 936 822 Pisatis
958 791 1046 831 geffit
1061 803 1067 821 :
1093 792 1194 830 deque
1211 791 1262 826 iis,
1276 792 1379 830 captis

551 835 690 874 Coryco,
706 835 863 874 Olympo,
878 834 1053 871 Phaselide,
1070 834 1292 874 triumphavit.
1319 835 1380 864 As.

554 878 668 908 conius
685 878 718 908 in
734 878 902 908 Verrinam
919 878 961 907 iii.
1001 877 1210 908 Marcellinus
1234 877 1289 907 lib.
1307 877 1377 908 xiv.

553 921 707 951 Meminit
723 920 834 951 Cicero
850 920 1073 951 Accusationis
1090 921 1214 959 quinto.
1261 920 1381 951 Censor

550 973 630 994 cum
647 964 682 994 L.
698 963 842 1001 Aurelio,
865 973 951 994 anno
969 964 1043 1002 689.
1079 963 1224 994 Valerius
1237 962 1294 993 lib.
1309 963 1379 994 viii.

552 1014 584 1047 5.
612 1007 725 1037 Cicero
738 1007 1100 1079 AccusationislquartO.

549 1092 584 1124 P.
611 1093 835 1124 SERVILIUS
857 1092 890 1123 P.
915 1093 947 1122 F.
973 1093 1010 1123 C.
1033 1092 1076 1123 N.
1100 1091 1235 1122 VATIA
1257 1091 1377 1122 lSAU·

553 1145 672 1166 meus.
705 1136 822 1166 Consul
839 1145 916 1165 cum
933 1136 970 1166 C.
985 1135 1083 1170 Julio,
1098 1144 1184 1164 anno
1199 1142 1271 1174 705.
1301 1135 1375 1165 Cas-

514 1192 518 1196 ·
549 1179 698 1209 fiodorus.
743 1179 807 1208 Dio
822 1178 878 1208 lib.
895 1178 951 1208 xli.
990 1178 1150 1208 Plutarch.
1190 1178 1377 1209 Suetonius.

550 1221 691 1252 Zonaras
707 1221 740 1250 in
756 1221 888 1251 Caesare.
934 1220 1050 1251 Consul
1071 1230 1112 1257 ιι,
1126 1229 1204 1249 cum
1220 1220 1254 1249 L.
1272 1221 1378 1251 Anto-

515 1271 523 1278 '
549 1265 613 1300 nio,
629 1274 716 1295 anno
733 1272 806 1302 712.
830 1263 1040 1295 Caffiodoms.
1062 1263 1126 1293 Dio
1142 1262 1198 1293 lib.
1214 1262 1315 1294 xlviii.

183 1391 431 1423 SERVILII
553 1392 588 1424 P.
616 1392 840 1424 SERVILIUS
869 1393 911 1423 Q.
937 1393 972 1423 F.
997 1392 1068 1423 CN.
1091 1392 1136 1422 N.
1161 1392 1378 1426 GEMINUS.

182 1435 213 1465 G
229 1436 254 1466 E
270 1436 307 1466 M
324 1436 337 1466 l
353 1436 385 1466 N
402 1436 427 1467 1.
548 1437 667 1467 Consul
692 1446 768 1467 cum
786 1437 822 1466 C.
838 1435 981 1473 Aurelio,
999 1445 1086 1466 anno
1103 1442 1176 1474 501.
1213 1435 1375 1465 Caffiodo-

548 1489 611 1509 rus.
629 1481 740 1510 Cicero
753 1481 786 1509 in
799 1479 947 1509 Lucullo.
964 1479 1142 1516 consulu,
1154 1488 1231 1509 cum
1244 1478 1373 1519 eodem,

547 1532 634 1553 anno
652 1530 724 1564 505.
749 1522 960 1553 Caffiodorus.

178 1649 216 1680 C.
232 1648 456 1680 SERVILIUS
469 1650 503 1680 P.
517 1650 550 1680 F.
569 1650 610 1682 Q.
698 1651 769 1682 CN.
793 1649 1017 1681 SERVILIUS
1040 1649 1073 1680 P.
1099 1649 1133 1679 F.
1161 1648 1202 1679 O.
1225 1648 1269 1678 N.
1296 1648 1369 1679 GE-

180 1702 214 1723 n.
246 1702 424 1723 GEMlNUs.
469 1694 519 1723 De
544 1703 610 1733 quo
700 1703 830 1724 nimus.
875 1692 993 1723 Consul
1024 1701 1101 1722 cum
1129 1692 1165 1722 C.
1195 1691 1369 1729 Flaminio,

178 1736 261 1766 nihil
278 1737 407 1767 tradunt
420 1736 596 1768 au&ores.*
695 1747 782 1767 anno
799 1739 872 1777 536.
912 1736 1122 1766 Caffiodorus.
1159 1735 1311 1776 Polybius
1323 1735 1369 1766 iii.

695 1781 803 1811 Livius
818 1779 874 1810 lib.
890 1780 958 1810 xxi.

878 1844 898 1860 C

829 1866 955 1898 π-Αῆ

176 1904 215 1937 C.
232 1906 455 1938 SERVILIUS
479 1908 516 1938 C.
539 1909 574 1939 F.
597 1907 630 1937 P.
653 1908 695 1938 N.
719 1908 848 1937 GEMI-
936 1908 983 1938 M.
1012 1905 1236 1936 SERVILIUS
1265 1904 1302 1935 C.
1332 1905 1370 1935 F.

178 1958 259 1980 Nus.
285 1951 400 1980 AEdilis
415 1951 546 1981 curulis.
579 1951 726 1990 Magister
741 1961 790 1989 eq.
806 1951 847 1980 T.
937 1959 966 1979 P.
985 1960 1017 1979 N.
1041 1959 1154 1980 pumex
1183 1956 1368 1979 GEMlNUs.

177 1991 304 2022 Manlio
328 1994 490 2029 diciatore‚
512 2003 599 2023 anno
624 2003 697 2033 545.
743 1994 849 2023 Livius
937 1993 1086 2031 Magister
1102 2002 1151 2031 eq.
1176 1992 1208 2021 P.
1223 1991 1367 2029 Sulpicio

172 2034 230 2066 lib.
248 2037 348 2066 xxvii.
380 2037 506 2072 Praetor,
525 2046 611 2066 anno
629 2045 701 2076 547.
742 2037 850 2067 Livius
935 2035 1098 2068 dietatore,
1158 2043 1245 2063 anno
1290 2041 1364 2072 550.

176 2078 233 2108 lib.
251 2080 364 2110 xxviii.
399 2079 516 2109 Consul
534 2089 611 2109 cum
625 2079 846 2115 Cn.Servilio‚
934 2077 1052 2107 Consul
1080 2086 1157 2107 cum
1187 2076 1238 2106 Ti.
1268 2076 1364 2106 Clau-

175 2129 263 2151 anno
287 2130 358 2162 550.
405 2122 615 2152 Caffiodorus.
662 2122 768 2152 Livius
791 2122 846 2151 lib.
934 2121 1000 2157 dio,
1025 2129 1112 2150 anno
1137 2127 1212 2160 551.
1255 2119 1363 2149 Livius

174 2165 265 2194 xxix.
303 2164 444 2195 Dieiator
460 2166 668 2195 comitiorum
685 2165 849 2195 habendo·
936 2163 992 2194 lib.
1008 2172 1089 2194 xxx.

174 2216 248 2238 rum
264 2208 370 2247 causa,
386 2217 472 2239 anno
487 2216 560 2248 551.
577 2208 684 2238 Livius
698 2207 754 2239 lib.
768 2218 847 2238 xxx.
