1572 2616
509 95 746 126 PLEB-EJAE
783 95 1000 125 GENTES.

153 173 203 206 M.
234 174 376 206 LIVIUS
414 174 451 206 C.
486 175 521 206 F.
553 175 602 206 M,
629 175 674 206 Ν.
708 174 894 206 DRUSUS.

154 218 319 248 Tribunus
336 218 379 257 pl.
397 228 483 248 anno
497 219 572 257 631.
601 218 653 249 Ob
669 219 825 248 eximiam
839 219 894 249 ad-

153 261 261 291 versus
283 261 448 291 Gracchos
470 271 614 301 operam,
633 270 819 291 rim-nouus
840 271 894 291 se-

157 311 273 334 ΝΛτιῐε
292 304 470 343 appellatus
488 306 541 335 est.
589 305 761 335 Suetonius
785 306 816 334 in
838 304 895 334 Ti-

153 345 254 377 berio.
285 347 473 377 Plutarchus
489 348 521 378 in
539 347 706 378 Gracchis.
734 347 844 377 Cicero
861 347 894 377 in

154 389 264 420 Bruto.
309 391 430 421 Plinius
453 391 508 420 lib.
523 390 638 421 xxxiii.
682 391 838 420 Asconius
861 390 895 420 in

155 432 393 463 Cornelianam.
417 434 533 464 Praetor
550 434 703 469 urbanus,
721 442 808 463 anno
821 434 893 471 638.

156 475 268 505 Cicero
284 477 323 506 ad
340 477 486 506 Atticum
499 477 552 506 vii.
577 476 697 506 Αυξίοῐ
713 476 754 507 ad
771 476 895 506 Heren-

154 519 248 548 nium
264 518 320 549 lib.
337 520 369 549 ii.
416 519 534 549 Consul
558 529 635 549 cum
654 519 688 549 L.
706 518 892 558 Calpurnio,

154 570 242 591 anno
273 563 346 600 641.
391 561 600 592 Caffiodorus.
645 563 826 592 Scordiscos
861 562 894 591 in

154 603 293 634 Thracia
306 606 396 641 vicit,
414 606 516 644 deque
533 606 568 634 iis
584 606 807 644 triumphavit.
854 604 893 633 E-

153 646 276 686 pitoma
290 647 367 677 lxiii.
393 648 509 677 Censor
524 656 599 677 cum
616 648 662 678 M.
675 647 821 684 Aimilio,
837 656 894 676 an·

151 698 196 719 no
213 691 287 730 644.
309 691 347 720 ln
365 692 548 729 magistratu
565 698 710 721 mortuus
725 691 779 720 est.

155 774 203 804 M.
244 775 385 806 LIVIUS
418 776 466 806 M.
500 777 532 806 F.
564 775 600 806 C.
632 775 675 805 N.
733 775 891 805 Pontifex.

153 818 268 847 Ciccro,
281 828 337 858 pro
348 820 458 849 domo.
480 819 644 851 Tribunus
660 818 704 858 pl.
716 828 802 848 anno
817 819 890 848 662.

153 861 389 898 Nobiliffimus,
419 862 705 900 effiquenriffimus,
745 861 892 890 sanCtiffi-

155 913 242 941 mu«,
253 914 270 933 a
284 903 448 934 Paterculo
461 905 588 934 dicitur.
613 904 742 934 Senatui
754 903 890 941 judicia,

155 956 226 985 qttae
244 948 433 987 Sempronia
450 947 517 986 lege
541 947 580 976 ad
603 948 724 985 equites
747 948 893 976 transsata

153 997 255 1026 erant,
274 992 431 1020 restituere
448 997 582 1019 conatus
600 992 641 1019 est
661 1003 666 1018 :
689 990 773 1028 quod
799 990 893 1018 bene-

154 1033 266 1062 ficium
285 1042 389 1072 quum
413 1033 515 1072 sperni
538 1042 556 1062 a
578 1034 689 1063 senatu
707 1033 837 1069 videret,
854 1032 893 1062 ad

154 1075 281 1114 Ju'ebem
307 1079 335 1105 le
358 1076 509 1111 contulit,
525 1084 555 1105 et
577 1076 679 1114 legem
704 1075 742 1105 de
767 1076 893 1104 civitate

153 1119 244 1150 sociis
260 1119 364 1148 danda
380 1119 604 1158 promulgavit.
649 1118 799 1148 Reversus
815 1128 832 1146 e
849 1118 894 1146 fo-

155 1170 198 1194 ro,
216 1161 247 1190 in
265 1163 343 1192 atrio
359 1163 475 1191 domus
491 1162 555 1191 suae
572 1160 704 1191 cultello
721 1160 892 1200 perculsus,

153 1205 236 1234 iutra
266 1213 382 1243 paucas
412 1205 505 1234 horas
534 1204 684 1234 deccssit÷
714 1205 795 1242 leges
825 1203 893 1240 ejus

155 1256 268 1279 omnes
297 1257 353 1277 sc.
382 1247 551 1285 abrogatae.
606 1247 746 1277 Velleius
776 1246 831 1275 lib.
862 1247 892 1276 ii.

155 1289 326 1319 Suetonius
358 1291 389 1318 in
412 1290 553 1319 '‘siberio.
597 1291 763 1329 Appianus
791 1289 846 1318 lib.
873 1289 892 1318 i.

154 1333 266 1362 Cicero
283 1333 314 1362 in
336 1333 451 1362 Bruto:
478 1341 533 1371 pro
557 1333 675 1362 domo:
701 1333 739 1361 cle
761 1331 890 1362 Finibus

153 1376 195 1405 iv.
212 1376 249 1404 de
274 1375 408 1414 Legibus
433 1375 465 1404 ii.
491 1376 527 1406 dc
552 1383 665 1405 natura
686 1376 827 1405 Deorum
846 1376 889 1404 iii.

154 1420 183 1448 A
202 1417 348 1448 GLVario
361 1419 438 1447 ferro
452 1418 611 1448 sublatum
632 1419 744 1447 scribit.
770 1418 890 1447 Plinius

154 1461 209 1490 lib.
234 1462 346 1490 xxviii.
371 1470 438 1499 cap.
457 1473 486 1499 9.
511 1463 678 1499 caprinum
703 1461 890 1498 sanguinem

154 1504 263 1533 bibiss‘e
291 1504 392 1535 refert.
439 1504 590 1533 Meminit
618 1504 703 1533 idem
732 1503 786 1533 lib.
812 1513 888 1532 xxV.

155 1556 224 1585 cap.
242 1555 271 1585 5.
289 1552 318 1576 et
335 1546 390 1576 lib.
408 1547 520 1577 xxxiii.
544 1556 613 1585 cap.
634 1557 658 1577 r.
688 1546 810 1575 Gellius
834 1546 890 1575 lib.

157 1590 236 1619 xvii.
263 1598 334 1628 cap.
355 1598 402 1629 15.
450 1590 591 1620 Valerius
618 1590 672 1621 lib.
697 1590 739 1622 ix.
767 1598 837 1631 cap.
858 1596 887 1629 5.

157 1632 266 1666 florus
282 1631 336 1663 lib.
355 1633 399 1664 iii.
416 1641 491 1673 cap„
508 1640 556 1674 12.
825 1637 828 1641 '

1265 94 1345 138 17¹

961 175 999 205 C.
1015 173 1159 206 LIVIUS
1182 174 1218 206 C.
1242 175 1277 206 F.
1301 176 1351 207 M.

962 227 998 248 N.
1017 227 1167 249 nnusus.
1197 219 1353 249 Meminit

962 261 1073 291 Cicero
1084 262 1115 290 in
1127 262 1235 291 Bruto.
1251 261 1350 292 Hunc

961 305 1076 343 opinor
1092 304 1164 342 effe,
1182 305 1274 342 cujus
1295 304 1352 334 do-

962 356 1057 378 mum
1088 347 1200 377 Cicero
1226 347 1351 378 Tuscu-

961 389 1036 420 lana
1055 391 1168 429 quinta
1189 390 1353 420 consulto-

961 433 1048 462 ribus
1085 433 1239 472 compleri
1278 433 1352 462 soli-

962 482 1043 512 tam,
1061 482 1091 506 et
1115 485 1241 505 caecum
1260 475 1354 507 fuisse

961 519 1077 548 scribit.
1124 519 1214 548 Idem
1256 519 1351 549 tradit

961 561 1107 591 Valerius
1155 561 1238 591 libro
1280 562 1350 594 viii.

960 613 1032 644 cap.
1052 612 1078 641 7.

960 690 994 720 L.
1020 690 1164 720 LIVlUS
1188 690 1223 720 C.
1249 691 1283 720 F.
1309 691 1351 723 C.

962 742 1163 763 N.DRtsus.
1208 733 1348 764 Nullum

958 778 1176 813 magistrarum
1249 778 1348 814 gessir.

958 819 1047 848 Bello
1069 819 1153 848 civili
1171 818 1354 849 Oftaviana

959 862 1097 891 Brutum
1139 869 1169 891 ct
1207 862 1349 892 Cassium

960 905 1100 939 secutus,
1116 907 1185 943 post
1203 915 1350 943 pugnam

959 948 1196 986 Philippenlern
1232 949 1263 977 in
1301 955 1349 977 ta-

960 990 1132 1020 bernaculo
1183 991 1235 1019 libi
1292 991 1348 1029 ipsi

961 1040 1099 1063 mortem
1111 1034 1275 1064 conscivit.
1293 1034 1350 1063 Pa-

961 1082 1006 1105 ter
1022 1077 1075 1105 hic
1093 1078 1151 1105 suit
1166 1077 1263 1106 Liviae
1283 1078 1348 1107 Au-

960 1120 1069 1156 gusloe.
1115 1118 1253 1148 Vellrius
1289 1118 1346 1150 lib.

961 1163 991 1191 ii.
1016 1162 1079 1191 Dio
1096 1161 1152 1192 lib.
1169 1161 1269 1192 xlviii.

962 1247 1009 1277 M.
1034 1248 1175 1277 LlVlUS
1202 1248 1233 1277 L.
1256 1248 1288 1278 F.
1307 1249 1347 1282 C.

963 1300 997 1320 N.
1033 1299 1182 1320 nnusus.
1227 1291 1349 1323 Consu}

959 1343 1035 1363 cum
1083 1334 1114 1362 L.
1156 1333 1351 1372 Calpurnio„

957 1385 1043 1405 anno
1076 1378 1148 1414 738.
1187 1376 1350 1407 Cafficdo·v

957 1429 1020 1450 rus.
1042 1419 1106 1450 Dio
1121 1419 1176 1450 lib.
1193 1419 1248 1450 liv.
