1543 2663
461 452 1057 535 INDEX

738 627 795 656 IN

536 743 714 797 TITI
768 743 990 798 LIVII

350 899 865 944 HISTORIARUM
908 899 1180 943 LIBROS.

627 1077 905 1110 ι*

745 1231 787 1261 A.

166 1289 314 1336 ABACI
337 1306 416 1336 cum
439 1305 508 1336 aliis
531 1304 628 1337 luxus
651 1305 871 1337 instrumentis
895 1306 1039 1346 primum
1063 1305 1206 1337 Romam
1225 1303 1361 1342 adveffi,

218 1358 270 1386 399
287 1350 318 1379 6-

170 1390 277 1426 Abba,
294 1391 370 1421 urbs
385 1391 514 1428 Africae,
531 1401 583 1430 30,
602 1398 632 1428 7.
687 1386 709 1419 .'
722 1401 734 1428 '.

168 1433 340 1469 Abbaffus,
356 1434 527 1472 oppidum,
547 1435 599 1471 38,
619 1431 700 1473 ις.)

169 1476 309 1512 Abdera,
325 1477 496 1515 oppidum,
513 1486 568 1516 45,
587 1487 638 1515 29.

168 1518 329 1548 Abderitae
345 1525 524 1558 queruntur
546 1519 631 1558 apud
655 1518 802 1549 senatum
823 1518 862 1549 de
884 1517 1070 1549 crudelitate
1091 1517 1266 1558 Hortenfii,
1282 1519 1362 1551 etin

213 1562 375 1600 integrum
391 1562 610 1598 restituuntur,
626 1570 682 1601 43,
700 1564 729 1593 6.

169 1603 396 1635 Abderitarum
413 1613 498 1643 ager,
516 1605 568 1642 38,
581 1614 636 1643 4¹·

167 1646 309 1685 Abelox,
332 1647 450 1677 nobilis
473 1647 606 1686 Sagunti
633 1647 807 1686 Hispanus,
825 1646 948 1677 obfides
972 1646 1193 1687 Hispanorum
1217 1647 1362 1687 Sagunto

211 1689 343 1720 εάυξὶος
359 1690 453 1720 tradit
469 1690 636 1726 Romanis,
655 1700 709 1727 22,
728 1700 777 1721 22-

168 1732 359 1771 Aborigines
378 1733 561 1772 junguntur
581 1734 698 1763 foedere
721 1732 882 1771 Trojanis,
903 1742 931 1769 1,
957 1741 982 1763 1.
1007 1739 1160 1773 petuntur
1181 1732 1281 1772 bello,
1303 1733 1363 1764 du-

213 1784 350 1815 cemque
368 1776 518 1806 Latinum
535 1777 705 1814 amittunt,
723 1786 753 1807 2.

169 1818 343 1858 Abrupolis
359 1828 457 1857 regno
472 1819 622 1858 expulsus
638 1828 656 1848 a
670 1819 791 1855 Perseo,
808 1828 864 1857 42,
887 1827 931 1857 13.
947 1828 999 1858 40.

169 1861 206 1891 C.
221 1861 373 1898 Aburius,
390 1861 513 1901 legatus
528 1862 568 1891 ad
586 1861 781 1891 Mafiniffam
798 1868 828 1891 et
845 1860 1133 1900 Carthaginienses,
1151 1871 1206 1900 42,
1221 1867 1273 1901 35.

170 1903 220 1935 M.
236 1904 389 1939 Aburius,
406 1904 553 1934 tribunus
570 1904 682 1943 plebis,
701 1913 826 1934 moram
845 1904 934 1933 affert
960 1905 1007 1934 M.
1027 1903 1138 1934 Fulvio
1154 1905 1362 1945 triumphum.

211 1947 347 1984 petenti,
373 1955 425 1984 39,
443 1957 475 1986 4.
505 1955 630 1986 praetor,
651 1957 707 1986 41,
730 1948 778 1978 18.
797 1946 1052 1984 jurisdictionem
1076 1947 1158 1977 inter
1176 1949 1361 1987 peregrinos

211 1989 347 2026 sortitur,
368 1998 416 2027 19.

169 2031 315 2070 Abydus,
340 2031 537 2071 Hellesponti
563 2031 650 2068 urbs,
673 2041 725 2070 32,
745 2041 796 2071 33.
823 2041 876 2070 33,
895 2042 944 2069 30.
963 2034 1014 2071 38.
1038 2038 1225 2071 oppugnata
1245 2043 1263 2063 a
1285 2033 1361 2064 Phi-

212 2073 313 2113 lippo,
334 2084 387 2111 31,
410 2084 457 2113 14·
473 2081 504 2104 et
523 2075 570 2104 16.
615 2075 762 2115 Abydeni
786 2076 818 2104 in
842 2076 962 2105 rabiem
979 2074 1069 2111 versi,
1085 2075 1145 2105 sese
1168 2085 1220 2115 per
1244 2086 1360 2108 omnes

190 2117 278 2148 ‚vias
301 2116 355 2146 leti
379 2117 587 2153 interficiunt,
617 2126 666 2154 17.
688 2122 735 2147 ω’.
782 2118 914 2157 Abydus
939 2125 1125 2158 oppugnata
1149 2128 1166 2147 a
1187 2118 1358 2159 Romanis,

214 2167 268 2197 37,
286 2169 316 2197 9.
333 2166 363 2189 et
385 2169 432 2190 12.
451 2160 638 2198 relinquitur
654 2160 787 2196 obfidio,
809 2171 858 2191 12.

172 2202 358 2238 Academia,
375 2202 580 2241 gymnasium
597 2204 746 2240 Athenis,
763 2213 815 2240 31,
836 2213 888 2242 24.

170 2244 340 2274 Acanthus
355 2246 430 2274 urbs
447 2246 475 2274 vi
494 2246 631 2284 capitur,
646 2255 682 2274 ac
700 2246 855 2284 diripitur,
874 2255 926 2284 31,
940 2253 994 2285 45.

171 2286 354 2316 Acarnanes
376 2288 500 2317 diremti
525 2289 564 2317 ab
587 2288 716 2325 AEtolis,
743 2289 795 2324 26,
813 2299 863 2328 24·
882 2289 921 2318 ab
939 2289 1055 2319 AEtolis
1072 2288 1146 2318 vieti
1170 2289 1356 2330 Philippum

214 2329 359 2358 adversus
375 2339 428 2359 eos
441 2331 608 2367 arcessunt,
623 2338 673 2370 25.
690 2331 872 2368 conjurant,
887 2332 915 2361 sc
932 2332 988 2361 nisi
1002 2332 1134 2362 vietores
1149 2342 1189 2362 ex
1205 2334 1272 2363 acie
1288 2343 1355 2364 non

215 2371 380 2407 redituros,
397 2372 468 2403 ibid.
490 2373 613 2410 foederi,
637 2383 713 2403 cum
735 2374 889 2406 Romanis
910 2375 1002 2412 inito,
1027 2375 1066 2406 ab
1082 2375 1228 2417 Philippo
1245 2377 1355 2408 Mace·

214 2414 319 2443 doniae
336 2423 406 2453 rege
422 2415 653 2453 adscribuntur,
672 2427 724 2457 29,
747 2426 795 2447 12.

236 2457 324 2487 Voi..
341 2457 379 2487 V.
768 2460 794 2490 B
