1572 2616
215 145 298 190 228
566 159 733 190 nrm-:x
768 161 823 189 m
857 160 903 189 T.
927 160 1062 190 mvn

216 237 355 322 SeJatus
377 238 557 279 provincias
579 239 764 271 consulibus
787 240 940 278 decernit,
961 249 1011 277 10,
1038 248 1091 279 24.
1115 239 1170 278 28,
1194 239 1246 278 38.
1262 245 1291 270 et
1307 249 1362 281 40.
1378 246 1409 270 et

273 293 339 324 eqq·

215 324 313 355 —de
336 334 413 364 pace
436 325 582 356 facienda
604 325 783 363 consultus,
800 327 832 364 6,
851 326 902 357 26.
927 335 981 365 30,
997 335 1050 366 42.
1073 331 1105 355 et
1126 335 1180 366 43.
1206 335 1260 365 33,
1277 335 1329 366 24.
1355 334 1409 365 37,

264 376 317 408 55.
341 370 394 407 38,
417 378 467 400 ιο.

217 427 261 435 -
276 411 416 441 decernit
431 413 647 452 triumphum,
662 421 694 451 3,
709 413 762 443 26.
785 412 838 449 28,
856 423 886 452 9.
910 418 1016 451 negat,
1034 421 1085 449 10,
1100 411 1152 451 36.
1167 418 1198 442 et
1212 418 1263 450 37.
1288 413 1342 450 26,
1355 420 1409 444 21.

261 453 326 484 fine
342 455 527 485 auctoritate
544 456 668 485 senatus
684 456 934 495 triumphatum,
952 465 983 493 3,
1002 457 1053 493 63.
1081 464 1133 493 10,
1152 462 1204 493 37.

215 512 258 521 -—
274 498 424 536 quaedam
438 499 563 537 negotia
579 508 597 528 a
612 499 642 528 se
656 499 695 528 ad
712 499 870 538 populum
886 498 1001 536 rejicit,
1019 507 1050 535 2,
1070 507 1122 536 27.
1147 505 1179 534 7,
1197 507 1249 529 20.
1273 506 1327 534 27,
1343 497 1375 527 8.
1408 501 1414 505 Χ

215 556 258 562 —
274 540 384 579 legatis
400 541 594 581 populorum
611 551 784 581 regumque
800 542 854 572 dat
870 542 1025 581 responsa,
1040 542 1073 577 6,
1088 542 1138 572 26.
1165 549 1196 579 7,
1214 551 1264 573 20.
1289 550 1342 580 30,
1357 546 1408 578 17.

216 599 259 605 ——
276 584 375 613 mittit
388 584 518 623 legatos,
536 595 568 621 2,
590 593 637 626 15.
663 595 715 624 30,
733 587 785 617 26.
807 595 863 625 42,
884 594 936 622 19.
951 591 979 613 et
994 583 1193 624 alibipaſjim.

216 625 352 657 Senatus
369 627 536 657 Romanus
553 634 723 667 tamquam
740 638 851 669 regum
867 627 1036 665 consessus,
1054 637 1087 666 9,
1108 637 1119 657 1
1130 634 1158 664 7.

214 668 350 699 Senatus
367 672 525 710 princeps,
545 678 597 706 27,
619 681 668 701 11.

215 711 351 743 Senatus
374 714 502 745 habitus
526 714 559 744 in
586 713 756 754 Capitolio,
776 724 808 753 3,
826 723 877 744 21.
902 715 934 751 8,
951 721 981 754 5.
1006 721 1060 753 24,
1080 722 1129 745 10.
1153 712 1206 750 26,
1227 721 1255 742 1.
1281 712 1334 748 28,
1353 711 1405 750 38.

260 765 313 794 32,
331 758 362 787 8.
1186 764 1189 765 ⁷

213 800 306 828 -in
323 800 390 828 aede
407 799 562 836 Bellonae,
583 810 636 839 30,
653 809 704 830 21.
731 808 784 838 31,
800 806 854 839 47.
876 809 933 840 41,
953 809 1003 830 10.

211 857 256 864 -—
272 842 305 871 in
321 842 389 871 aede
404 842 577 881 Apollinis,
595 852 648 882 34,
666 852 720 882 43.
745 852 798 882 39,
814 852 846 881 4.
869 851 926 881 42,
944 851 995 872 21.

213 884 533 916 Senatusconsultum
551 886 685 923 faffixm,
703 892 739 915 ut
755 895 868 916 omnes
886 884 991 915 Volsci
1015 883 1129 914 urbem
1151 882 1355 920 excederent,
1370 891 1404 920 2,

209 986 255 995 -
269 977 306 1000 ut
318 971 464 1009 pontifex
480 972 646 1001 maximus
662 971 806 1001 tribunos
821 970 922 1010 plebis
938 975 1069 1008 crearet,
1088 978 1118 1008 3,
1134 977 1187 1010 54.

211 1029 256 1036 —
270 1020 307 1043 ut
321 1015 492 1043 decemviri
509 1015 692 1052 magistratu
710 1014 739 1044 se
755 1014 918 1050 abdicent,
937 1023 969 1052 3,
984 1021 1035 1053 54.

211 1056 530 1087 senatusconsultum
547 1057 681 1087 relatum
701 1057 733 1087 in
752 1056 888 1093 tabulas,
903 1066 937 1095 4,
958 1065 1008 1086 11.

209 1114 254 1123 ·-
270 1108 305 1129 ut
322 1100 497 1130 consularia
514 1101 647 1130 comitia
662 1100 863 1133 haberentur,
879 1110 913 1138 4,
932 1105 983 1138 25.
1000 1103 1030 1128 et
1048 1099 1099 1137 36.

207 1158 253 1167 -—
268 1152 304 1173 ut
320 1144 384 1172 duo
397 1153 436 1172 ex
450 1143 585 1173 tribunis
597 1143 814 1173 consularibus
827 1143 867 1172 ad
879 1141 1002 1172 bellum
1015 1139 1300 1181 proficiscerentur,
1314 1146 1402 1168 unus

252 1195 300 1216 res
317 1186 429 1215 Romae
446 1192 582 1222 curaret,
599 1192 652 1225 45.

207 1244 253 1253 .-
266 1229 304 1257 de
321 1229 406 1258 caede
425 1229 589 1263 Postumii,
606 1238 657 1268 51.

207 1287 253 1294 ·—-
267 1271 306 1300 de
321 1272 463 1301 creandis
479 1271 613 1301 tribunis
629 1269 786 1307 militum,
805 1277 857 1310 55.

208 1329 251 1336 —-
265 1321 299 1343 ut
316 1315 433 1343 tribuni
452 1314 602 1343 militares
619 1313 777 1352 peditibus
793 1311 1014 1352 equitibusque
1027 1310 1142 1350 gratias
1160 1316 1300 1350 agerent,
1318 1316 1349 1350 5,
1370 1315 1399 1346 7.

209 1372 253 1379 -—
270 1363 305 1387 ut
321 1357 438 1386 tribuni
455 1357 598 1386 rnilitum
614 1357 642 1385 se
658 1356 842 1386 abdicarent
858 1356 1054 1394 magistratu,
1076 1364 1086 1384 1
1097 1362 1125 1391 7.

207 1414 252 1423 u·-
267 1407 302 1429 ut
317 1401 381 1439 agri
400 1400 566 1429 Veientani
584 1400 710 1438 septena
721 1399 833 1436 jugera
848 1398 1062 1428 dividerentur
1077 1396 1174 1437 plebi,
1192 1404 1245 1436 30.

207 1458 252 1465 —
267 1450 303 1472 ut
319 1442 463 1473 consules
479 1442 507 1472 se
524 1442 707 1472 abdicarent
723 1442 919 1480 magistratu,
939 1450 990 1479 31.

207 1502 252 1508 —
266 1486 304 1515 de
319 1486 412 1516 rebus
429 1486 467 1515 ad
485 1485 670 1524 religionem
688 1484 914 1522 spefflmssbus,
933 1492 985 1523 50.

207 1529 488 1559 Senatusconsulto
505 1528 654 1564 revocati,
671 1529 726 1565 qui
744 1527 836 1557 Veios
853 1528 987 1561 iverant,
1006 1525 1039 1562 6,
1056 1535 1088 1565 4.

206 1571 487 1601 Senatusconsulto
503 1580 520 1599 e
535 1580 658 1600 carcere
675 1569 807 1600 edufflus
826 1570 872 1599 M.
892 1568 1046 1604 Manlius,
1066 1568 1116 1597 18.

206 1614 538 1649 Senatusconsultum,
556 1623 595 1643 ne
611 1613 682 1652 quis
698 1613 848 1651 patricius
864 1613 896 1641 in
913 1610 1071 1650 Capitolio
1087 1609 1257 1645 habitaret,
1275 1608 1307 1643 6,
1325 1615 1376 1638 zo.

204 1673 246 1681 --
263 1658 302 1687 de
319 1657 454 1686 induciis
470 1657 502 1685 in
515 1663 649 1686 centum
662 1664 764 1685 annos
779 1654 948 1685 Caeritibus
962 1652 1190 1689 concedendis,
1209 1659 1240 1689 7,
1258 1659 1310 1682 20.

204 1717 249 1723 --
264 1701 302 1730 de
317 1700 450 1735 Latinis,
468 1699 499 1733 8,
520 1707 569 1737 14.

203 1760 248 1766 —-
264 1744 302 1773 de
315 1742 450 1772 dicendo
466 1741 629 1775 difflarore,
651 1748 700 1779 15.
717 1745 748 1769 et
765 1741 815 1770 16.

204 1804 247 1809 -—
263 1787 302 1816 de
318 1786 444 1815 colonia
460 1784 551 1814 Cales
567 1783 766 1819 deducenda,
786 1783 836 1812 16.

204 1846 247 1853 -
262 1829 300 1858 de
316 1828 510 1858 deducendis
525 1827 744 1858 Interamnam
758 1830 788 1854 et
803 1823 957 1854 Cafinum
973 1821 1120 1859 coloniis,
1135 1831 1167 1862 9,
1185 1822 1237 1853 28.

206 1888 250 1895 -—
266 1881 299 1901 ut
318 1870 553 1910 privatinautas
570 1870 693 1904 darent,
712 1877 765 1907 24,
785 1877 835 1898 11.

205 1915 298 1944 -de
325 1914 508 1943 coercendis
536 1911 807 1952 superstitionibus
831 1916 862 1939 et
888 1908 1026 1939 externis
1048 1906 1266 1947 religionibus,
1281 1904 1395 1934 Romae

250 1957 379 1992 exortis,
400 1964 450 1994 25,
473 1965 499 1985 1.

205 2018 248 2024 —
264 2001 302 2029 de
319 2000 400 2029 ludis
413 1997 568 2037 Apollini,
582 2005 677 2035 reque
692 1996 802 2025 divina
815 1994 978 2029 faciunda,
1001 2002 1050 2023 12.

206 2061 248 2066 ——
264 2044 302 2073 de
321 2040 474 2072 Marcello
489 2047 519 2070 et
536 2039 662 2076 Siculis,
682 2040 736 2077 26,
755 2047 806 2076 32.

205 2103 248 2110 —
264 2087 301 2115 de
318 2084 504 2123 Campani8‚
524 2092 574 2122 34.

204 2146 248 2152 —
262 2129 300 2158 de
316 2127 551 2167 provinciarum
569 2124 742 2158 sortitione,
761 2122 814 2157 28,
830 2128 884 2161 45.

203 2188 247 2194 --
262 2178 308 2206 ut,
326 2181 405 2209 quos
419 2169 510 2199 ludos
527 2170 607 2196 inter
623 2166 808 2195 seditionem
825 2163 998 2194 militarem
1013 2159 1144 2190 vovisset
1158 2158 1280 2200 Scipio,
1296 2167 1336 2189 ex
1356 2165 1395 2188 ea

248 2215 395 2252 pecunia,
413 2221 511 2251 quarn
528 2210 590 2249 ipse
607 2210 639 2238 in
655 2209 802 2238 aerarium
819 2205 982 2240 intulisset,
1000 2204 1128 2241 faceret,
1146 2203 1198 2242 38.

203 2274 246 2281 --
261 2257 298 2285 de
315 2256 461 2289 coloniis,
479 2263 552 2292 quae
569 2252 684 2281 milites
701 2252 772 2279 dare
788 2250 978 2285 abnuerant,
997 2257 1050 2287 29,
1071 2255 1119 2286 15.

202 2317 246 2324 -—
260 2300 299 2328 de
315 2298 398 2327 bello
416 2297 559 2326 adversus
576 2294 683 2324 Nabin
701 2291 1000 2329 Lacedaemonium,
1017 2299 1072 2330 34,
1089 2298 1144 2321 22.

203 2360 246 2366 -—
261 2342 298 2371 de
315 2341 449 2370 coloniis
468 2337 677 2374 deducendis,
696 2343 747 2376 53.

203 2402 247 2410 --
262 2385 299 2414 de
316 2384 405 2414 rebus
423 2381 516 2420 Asiae,
535 2389 588 2419 37,
607 2379 658 2420 56.
