1572 2616
441 131 813 162 HISTORIARUM
838 132 1042 162 menos.
1271 121 1325 174 67

185 221 260 243 rum
276 213 397 253 expiat,
415 219 446 243 et
461 212 580 253 placat,
598 223 735 252 24—29.
761 213 978 244 Mandonium
989 219 1025 244 et
1040 211 1211 244 Indibilem
1228 212 1328 244 rebel-

186 255 289 286 lantes
308 257 421 293 vincit‚
448 265 586 295 32—34.
612 256 821 294 Masinissam,
844 257 953 288 secum
976 256 1191 295 congressum,
1216 256 1272 286 fibi
1295 262 1329 286 et

187 298 308 338 populo
323 299 473 329 Romano
491 299 656 337 conciliat,
675 309 726 339 35.
752 300 891 330 Romam
916 300 1008 336 redit,
1023 307 1067 336 et,
1085 305 1205 329 tentata
1225 300 1329 338 magis

185 342 237 381 spe
253 343 423 382 triumphi,
438 352 537 382 quam
551 343 648 382 petita
665 343 878 382 pertinaciter,
894 343 1003 373 consul
1016 348 1152 379 creatur,
1170 344 1220 379 38.
1243 342 1329 372 Asri-

185 394 223 414 ca
238 386 266 414 ei
284 385 448 424 provincia
463 386 648 423 destinatur,
666 386 738 417 ibid.
757 387 847 426 super
862 396 898 416 ea
916 396 947 416 re
965 385 1032 423 ejus
1048 393 1079 415 et
1098 385 1183 415 Fabii
1201 391 1328 416 contra-

184 428 238 458 riae
253 429 424 467 orationes,
440 438 580 469 40-44.
604 430 637 458 in
654 428 798 460 Siciliam
814 429 1033 469 proficiscitur,
1047 430 1100 468 46.

228 477 385 502 trecentos
408 472 544 509 juvenes
560 472 724 503 Romanos
747 473 868 512 deligit,
885 482 964 511 quos
991 472 1173 503 Siculorum
1190 471 1326 507 totidem

183 515 281 544 armis
301 521 333 545 et
356 517 446 555 equis
461 523 566 552 ornat,
586 527 639 555 29,
658 526 683 545 1.
707 526 753 546 res
770 515 886 546 Siciliae
909 515 1089 556 componit,
1105 515 1177 544 ibid.
1208 515 1326 545 Locros

180 557 362 595 advehitur,
390 565 485 597 atque
511 559 555 589 ibi
578 560 619 589 Q.
635 559 829 589 Pleminium
855 559 997 598 legatum
1020 558 1182 597 relinquit,
1202 566 1230 595 7.
1246 564 1277 588 et
1294 559 1327 588 8.

184 600 262 630 hinc
286 601 423 631 crimina
439 603 471 631 in
498 602 698 641 Scipionem,
725 612 773 641 19.
798 603 903 638 rebus,
921 612 987 632 non
1010 602 1125 638 verbis,
1143 601 1171 631 l'e
1195 607 1323 640 purgat,

185 653 236 674 22.
254 644 405 684 profectio
421 644 490 683 ejus
504 646 538 676 in
554 646 711 683 Africam,
724 653 862 686 24—-27-
887 645 956 683 ejus
972 655 1018 675 res
1033 645 1138 684 gestae,
1155 645 1208 676 28.
1225 654 1278 685 29.
1294 650 1326 674 et

225 730 369 761 vietoriae
391 730 430 761 de
457 731 604 771 Syphace
629 737 660 761 et
675 730 861 768 Asdrubale,
879 740 931 770 30,
949 741 1044 771 3—9.
1066 730 1168 761 oratio
1193 729 1262 767 ejus
1285 729 1326 760 ad

180 771 381 804 Mafiniffam
406 774 445 804 de
470 775 680 814 sophoniam,
701 785 749 814 14·
781 784 858 804 cum
879 774 1041 804 Annibale
1068 774 1101 804 in
1121 772 1324 812 colloquium

181 817 397 855 congreditur,
417 827 555 857 29—31.
584 818 908 855 vincitAnnibalem,
925 825 1064 857 32—35.
1093 816 1325 854 Carthaginem

179 860 270 900 petit,
288 861 340 898 36.
356 860 397 890 ad
410 870 487 892 eum
504 861 597 901 legati
614 861 902 900 Carthaginienses,
921 861 993 891 ibid.
1019 860 1220 890 conditiones
1237 859 1326 899 pacis

179 911 201 933 a
215 902 366 943 Scipione
380 903 486 943 distae,
502 913 555 944 37.
573 904 706 943 Jubetur
728 913 747 935 a
763 904 883 945 populo
899 913 1016 945 pacem
1034 904 1106 934 dare
1124 902 1327 942 Carthagini-

178 944 320 985 enfibus,
335 955 387 987 43.
408 957 467 979 cur
481 957 550 979 non
562 948 662 979 exitio
677 947 880 988 Carthaginis
893 947 1019 980 bellum
1034 946 1165 984 finierit,
1180 955 1236 986 44.
1260 944 1327 977 Ro·

179 998 271 1020 mam
285 991 376 1027 redit,
392 991 584 1031 triumphat,
599 998 631 1021 et
645 991 787 1022 Africani
802 1001 985 1031 cognomen
1001 990 1157 1028 adsciscit,
1174 997 1229 1030 45·

221 1039 346 1064 creatur
360 1034 482 1069 censor,
498 1044 552 1072 32,
574 1042 602 1071 7.

220 1085 336 1115 parum
348 1087 388 1107 ex
403 1077 557 1116 dignitate
574 1077 685 1117 populi
699 1077 839 1108 Romani
856 1078 917 1109 effe
932 1077 1036 1114 ducit,
1049 1075 1245 1107 Annibalem
1255 1083 1327 1115 per·

176 1118 278 1149 vicaci
296 1120 369 1149 odio
386 1120 540 1159 persequi,
558 1130 612 1159 33,
628 1128 682 1160 47.

221 1162 332 1192 consul
359 1163 490 1200 iterum,
509 1172 562 1204 34,
579 1173 633 1202 42.
662 1163 809 1204 princeps
836 1164 962 1194 senatus
987 1161 1102 1201 lectus,
1118 1171 1173 1203 44.
1202 1161 1328 1201 legatus

177 1204 316 1235 mittitur
332 1206 364 1235 in
379 1206 535 1244 Africam,
550 1207 602 1237 62.

222 1247 290 1286 ejus
306 1258 383 1279 curn
398 1249 560 1279 Annibale
575 1248 790 1289 colloquium,
809 1256 863 1289 35,
884 1259 934 1289 14.

220 1291 250 1320 se
269 1290 412 1330 legatum
429 1301 506 1322 curn
522 1293 615 1322 fratre
640 1293 674 1322 in
701 1293 862 1323 Graeciam
879 1293 1001 1323 iturum
1016 1291 1200 1331 pollicetur,
1217 1297 1272 1330 37,
1292 1299 1323 1323 x·

176 1333 334 1365 fornicem
356 1335 388 1364 in
405 1335 576 1374 Capitolio,
595 1345 673 1366 cum
689 1335 785 1375 fignis
800 1336 922 1375 septem
944 1336 1074 1373 auratis,
1089 1335 1216 1365 duobus
1230 1333 1324 1372 equis

176 1382 210 1405 et
234 1386 415 1408 marmorea
439 1378 504 1408 duo
524 1378 612 1408 labra
635 1385 708 1409 ante
728 1379 898 1415 fornicem,
915 1379 1019 1419 ponit,
1039 1388 1067 1416 3.
1099 1377 1168 1415 eJus
1191 1377 1230 1406 ad
1247 1377 1326 1407 Pru·

178 1417 270 1457 fiam,
293 1420 454 1461 Bithyniae
470 1431 588 1460 regem,
605 1421 714 1456 literae,
731 1422 848 1461 quibus
864 1431 942 1452 eum
962 1422 1002 1451 ad
1027 1420 1158 1451 consilia
1174 1419 1260 1459 pacis
1277 1429 1324 1449 re-

175 1469 283 1499 vocat,
303 1471 354 1504 25.
380 1463 412 1494 Ρ.
429 1464 596 1494 Cornelius
616 1465 738 1504 Scipio,
761 1465 837 1504 quia
857 1464 962 1495 Salius
986 1470 1065 1501 erat,
1082 1462 1259 1502 disjunctus
1282 1462 1324 1492 ab

175 1506 331 1544 exercitu,
348 1516 400 1545 33.
423 1506 493 1544 ejus
509 1506 594 1538 filius
608 1508 694 1547 apud
709 1508 912 1538 Antiochum
926 1507 1086 1546 captivus,
1103 1516 1155 1546 34.
1179 1505 1323 1536 Africani

144 1569 148 1574 -
175 1548 326 1580 animum
342 1555 444 1580 tentat
459 1549 581 1589 legatus
595 1551 764 1587 Antiochi,
783 1551 835 1588 36.
859 1550 1044 1589 responsum
1059 1550 1224 1588 egregium
1238 1548 1323 1578 Afri-

175 1593 262 1628 cani,
276 1592 349 1624 ibid.
377 1592 446 1630 ejus
467 1593 572 1623 filium
589 1594 723 1624 remittit
738 1594 934 1630 Antiochus,
953 1601 1004 1631 37.
1028 1592 1196 1632 respondet
1210 1590 1326 1631 legatie

174 1635 344 1674 Antiochi,
360 1636 457 1675 iisque
474 1636 644 1675 praescribit
661 1636 861 1667 conditiones
877 1636 977 1676 pacis,
993 1642 1047 1676 45.

220 1679 366 1718 princeps
381 1679 414 1709 in
430 1679 540 1710 senatu
561 1681 691 1710 tertium
712 1679 839 1719 legitur,
857 1682 909 1718 38,
929 1680 979 1711 28.
1004 1678 1173 1709 accusatur
1188 1687 1207 1707 a
1223 1676 1323 1708 tribu-

176 1719 226 1750 nis
250 1721 363 1760 plebis,
382 1730 432 1762 50.
457 1722 486 1752 se
502 1723 643 1753 defendit
669 1722 734 1753 sola
755 1723 1068 1753 commemoratione
1094 1730 1200 1751 rerum
1222 1721 1322 1759 gesta-

175 1772 262 1801 rum,
281 1764 352 1796 ibid.
375 1764 532 1804 populum
555 1766 594 1796 ab
616 1766 751 1796 tribunis
771 1766 901 1796 abducit
925 1765 1034 1796 secum
1057 1765 1089 1795 in
1106 1763 1320 1803 Capitolium,

175 1806 215 1836 ad
238 1809 353 1845 gratias
374 1808 443 1838 Diis
460 1809 601 1847 agendas
623 1818 679 1848 pro
702 1808 823 1847 egregie
839 1819 858 1838 a
873 1809 901 1839 se
917 1809 1000 1847 gesta
1016 1807 1192 1847 republica,
1211 1813 1262 1846 51.
1288 1807 1323 1836 in

174 1849 377 1881 Literninum
393 1852 555 1888 concedit,
575 1860 626 1891 52.
649 1852 764 1882 citatus
781 1851 905 1889 absens,
922 1861 988 1882 non
1003 1851 1100 1888 adest,
1118 1849 1188 1879 ibid·
1222 1849 1322 1880 Grac·

175 1893 244 1929 chi,
257 1893 374 1924 tribuni
389 1893 498 1933 plebis,
515 1895 682 1925 decretum
699 1895 733 1925 in
748 1895 884 1934 gratiam
901 1894 1073 1934 Scipionis,
1087 1893 1160 1923 ibid.
1175 1892 1321 1923 Africani

174 1934 299 1974 laudes,
317 1944 368 1976 53.
386 1947 484 1974 mors,
504 1945 554 1977 54.
579 1938 618 1967 de
633 1947 671 1968 eo
686 1937 819 1969 obscura
835 1938 974 1974 historia,
994 1938 1043 1978 56.
1066 1936 1137 1975 ejus
1147 1937 1248 1966 statua
1263 1945 1321 1966 ex-

176 1984 223 2009 tra
240 1987 366 2018 portam
381 1980 559 2020 Capenam,
575 1980 647 2011 ibid.

220 2032 285 2061 quo
302 2032 388 2053 anno
404 2024 573 2054 mortuus?
601 2033 655 2063 39,
669 2032 720 2064 52-

131 2064 166 2096 P.
182 2064 348 2096 Cornelius
365 2066 485 2107 Scipio,
504 2066 590 2098 filius
604 2066 760 2103 Africani,
777 2075 878 2106 augur
900 2072 1069 2106 cooptatur
1085 2065 1118 2094 in
1135 2064 1246 2095 locum
1264 2063 1321 2095 Al-

177 2108 258 2145 bini,
275 2118 327 2147 40.
344 2119 397 2148 42.

134 2150 168 2182 P.
183 2151 349 2182 Cornelius
371 2153 478 2192 Scipio
496 2153 677 2189 Africanus,
699 2152 782 2182 filius
797 2152 950 2183 naturalis
968 2152 1000 2181 L.
1017 2150 1131 2187 Paulli,
1148 2150 1320 2189 adoptione

178 2193 286 2232 prioris
301 2195 440 2226 Africani
458 2205 569 2235 nepos,
580 2196 753 2235 septimum
768 2196 934 2226 decimum
952 2204 1076 2225 annum
1093 2203 1202 2233 agenS,
1215 2194 1247 2224 in
1262 2203 1323 2233 pu·

176 2246 252 2275 gna,
267 2247 330 2276 qua
347 2238 470 2269 Perseus
486 2238 588 2270 vinus
603 2240 659 2277 est,
675 2239 771 2269 effuse
788 2239 927 2278 sequitur
943 2239 1058 2273 hostes,
1072 2247 1128 2276 44,
1145 2246 1198 2276 44.

132 2280 336 2310 —tribunus
357 2281 500 2312 militum
531 2289 772 2321 provocatorem
794 2281 966 2312 barbarum
997 2280 1127 2317 occidit,
1158 2280 1241 2319 Epit.
1263 2281 1319 2318 48.

179 2322 252 2353 Cos.
272 2323 354 2362 Epit.
374 2333 425 2364 5ο.
447 2325 625 2364 triumphat
647 2325 686 2356 de
710 2325 916 2364 Carthagine,
933 2323 1016 2365 Epit.
1034 2333 1086 2364 52.
1110 2329 1259 2354 mortuus
1283 2322 1318 2352 in

178 2365 330 2397 cubiculo
346 2368 506 2405 inventus,
525 2367 609 2409 Epit.
626 2376 678 2409 59.
