1572 2616
453 158 824 188 HISTORIARUM
860 160 1065 189 LIBROS·
1298 159 1353 202 29

205 248 257 270 22.
270 237 430 269 tmcidant
445 237 504 268 sese
528 240 561 268 in
577 239 665 273 urbe,
682 246 714 269 et
736 247 814 270 cum
838 240 937 271 armis
956 239 1109 278 injiciunt
1123 239 1156 270 se
1175 239 1348 270 medicin-

205 282 333 318 cendio,
351 281 423 311 ibid.

161 325 256 361 Astii,
271 325 420 355 Thraciae
435 323 563 363 populi,
579 326 633 362 38,
647 335 703 363 40.

161 369 334 404 Astraeum,
348 368 421 397 urbs
439 367 588 404 Paeoniae,
604 377 659 407 40,
675 378 726 408 24.

161 411 320 448 Astragos,
335 410 502 440 castellum
518 412 581 449 agri
599 411 855 448 Stratonicensis,
873 421 927 450 33,
948 413 997 443 18.

161 454 373 483 Astronomiae
389 454 500 492 peritia
516 454 602 484 utilis
615 455 648 484 in
664 454 762 493 bello,
780 464 835 495 44,
849 463 901 494 37.

160 497 290 533 Astura,
304 496 434 536 fluvius,
452 498 483 532 S,
507 506 556 535 13.

159 539 347 579 Astymedes
361 539 482 578 legatus
495 539 710 578 Rhodiorum,
727 549 782 581 45,
800 547 852 581 25.

159 581 256 621 Asyla
271 583 356 621 apud
374 583 516 619 Graecos,
537 590 590 622 35,
608 592 660 622 51.

157 624 306 664 Asylum,
321 635 339 654 a
356 625 498 656 Romulo
512 626 708 664 institutum,
729 636 759 664 1,
777 627 807 656 8.

156 667 322 704 Atalanta,
341 668 455 705 insula,
474 676 528 708 35,
547 676 597 707 37.

158 710 265 741 Atella
280 711 388 741 deficit
409 712 449 742 ad
466 712 592 750 Poenos,
610 722 664 750 22,
682 714 735 744 61.
759 713 793 742 in
809 712 1010 742 deditionem
1026 711 1183 752 accipitur
1195 720 1214 741 a
1229 710 1353 743 Roma-

202 755 266 790 nis,
285 756 337 790 26,
359 756 409 785 16.

245 797 284 826 de
313 797 471 827 Atellanis
493 796 660 835 judicium
687 797 826 836 senatus,
851 798 905 836 26,
931 807 984 838 34.
1021 796 1164 828 Atellani
1191 797 1352 828 Calatiam

200 840 336 878 migrare
348 839 516 877 jubentur,
536 849 588 879 27,
605 851 635 880 3.

157 882 316 912 Atellanae
338 883 476 920 fabellae,
495 892 525 920 7,
542 895 572 916 z.
595 893 709 915 earum
723 883 847 914 aSkores
867 893 929 914 nec
951 884 1034 914 tribu
1052 889 1238 918 movenmr,
1250 890 1282 914 et
1297 883 1352 915 sti·

202 926 319 964 pendia
333 926 469 962 faciunt,
483 927 555 957 ibid.

158 967 201 999 A.
213 969 322 999 Aterio
346 969 482 1006 consuli,
504 978 541 1000 ut
568 970 753 1010 magistratu
780 970 870 1008 abiit,
886 970 953 1001 dies
979 970 1074 1007 dieta,
1093 980 1124 1009 3,
1145 979 1196 1009 31.
1223 975 1350 1000 creatur

202 1011 350 1042 tribunus
365 1011 478 1051 plebis,
497 1015 549 1053 65.

157 1054 332 1093 Aternum,
352 1056 522 1095 oppidum,
539 1063 763 1097 expugnatum
779 1065 798 1086 a
812 1063 946 1096 praetore
961 1057 1155 1096 Sempronio
1166 1056 1348 1094 Tuditano,

204 1106 258 1136 242
271 1106 325 1138 47·

157 1140 316 1178 Athacus,
329 1141 416 1178 urbs,
436 1151 489 1181 31,
508 1151 559 1182 34.

157 1184 372 1222 Athamanes,
390 1192 444 1222 27,
462 1194 513 1223 30.
539 1195 593 1225 29,
613 1195 662 1216 12.
689 1194 742 1224 31,
761 1186 813 1217 28.
838 1185 980 1216 inferunt
996 1195 1074 1215 cum
1090 1184 1209 1215 AEtolis
1223 1183 1351 1215 bellum

200 1227 364 1267 Philippo,
381 1229 436 1267 qui
452 1237 506 1259 eos
522 1228 630 1265 caedit,
649 1238 702 1266 31,
720 1238 773 1268 4¹-
796 1228 926 1267 fugiunt
941 1230 973 1258 in
990 1229 1161 1265 AEtoliam,
1175 1238 1229 1267 42.
1246 1237 1351 1267 popu.-

200 1268 309 1301 lantur
322 1270 532 1309 Theffaliam,
548 1281 601 1310 32,
622 1281 671 1312 ¹4·
698 1272 730 1301 in
750 1271 804 1309 jus
826 1273 1049 1311 ditionemque
1069 1271 1208 1310 Philippi
1232 1279 1352 1301 conce-

199 1313 296 1351 dunt,
313 1317 366 1352 36,
386 1324 435 1354 ¹4·
452 1315 620 1354 expellunt
636 1315 847 1352 Macedonas,
865 1316 920 1354 38,
941 1325 968 1345 1.
996 1321 1027 1344 et
1044 1325 1074 1346 2.
1101 1314 1283 1344 libertatem
1299 1322 1347 1344 re-

201 1363 316 1395 petunt
332 1367 350 1386 a
366 1357 476 1396 legatis
492 1358 662 1395 Romanis,
681 1368 734 1396 39,
753 1368 804 1397 24.
821 1368 872 1398 25.
890 1358 958 1388 vid.
973 1357 1196 1398 Amynander.

157 1398 352 1439 Athanagia,
370 1399 543 1439 Ilergetum
559 1409 668 1440 caput,
684 1411 737 1437 21,
753 1403 805 1431 61.
821 1401 946 1431 deditur
961 1401 1023 1431 Cn.
1038 1401 1196 1439 Scipioni,
1213 1400 1267 1430 62.

157 1441 303 1471 Athenas
318 1442 399 1472 rniffi
413 1443 520 1482 legati,
537 1446 591 1483 qui
609 1444 736 1474 Solonis
750 1444 847 1482 leges,
865 1444 1068 1482 aliarumque
1086 1444 1222 1474 Graeciae
1237 1441 1349 1472 civita.-

202 1490 274 1514 tum
299 1486 440 1515 instituta
454 1493 485 1516 et
505 1486 577 1523 jura
592 1487 814 1522 describerent,
833 1496 864 1525 3,
883 1496 935 1525 3¹·

159 1526 371 1558 Athenienses
399 1530 536 1559 mittunt
558 1529 680 1568 legatos
702 1530 741 1559 ad
757 1530 975 1559 dirimendum
997 1528 1135 1565 bellum,
1158 1527 1348 1567 Philippum

201 1570 285 1600 inter
313 1579 343 1601 et
361 1571 500 1609 AEtolos,
526 1581 579 1609 27,
599 1583 650 1611 30.
675 1582 739 1602 una
763 1572 869 1602 navali
894 1581 1003 1612 pugna
1023 1572 1194 1602 florentem
1219 1581 1350 1610 rempu-

201 1612 324 1644 blicam
340 1615 430 1644 suam
454 1616 486 1644 in
504 1623 696 1656 perpetuum
713 1615 917 1651 adflixerunt,
938 1617 991 1651 28,
1008 1625 1061 1654 4¹·
1085 1624 1104 1644 a
1120 1615 1277 1644 Romanis
1293 1614 1350 1644 ad·

201 1656 307 1696 scripti
323 1657 445 1694 foederi,
459 1667 535 1688 cum
554 1659 700 1697 Ph=t1ppo
716 1659 808 1694 inito,
823 1667 877 1696 29,
897 1668 945 1688 12.
964 1658 1137 1697 implorant
1149 1657 1314 1687 auxilium
1329 1665 1350 1686 a

201 1698 372 1736 Romanis,
398 1709 451 1738 31,
469 1710 498 1740 5.
523 1701 629 1731 cauffa
653 1701 726 1730 belli
752 1702 833 1730 inter
857 1701 1069 1731 Athenienses
1092 1707 1123 1730 et
1146 1699 1350 1739 Philippum,

204 1751 254 1781 14.
279 1742 445 1781 Philippus
474 1744 620 1774 adversus
643 1745 789 1773 Athenas
820 1744 907 1773 ducit
937 1744 1130 1780 exercitum,
1157 1752 1209 1783 24.
1237 1742 1351 1774 omnia

199 1785 312 1822 vastat,
330 1786 402 1815 ibid.
419 1793 447 1815 et
464 1789 514 1816 26.
538 1796 652 1816 omnes
670 1787 806 1825 Philippi
820 1787 930 1816 statuae
942 1787 1080 1816 Athenis
1095 1785 1254 1823 delentur,
1269 1794 1327 1825 44.

157 1827 302 1857 Athenas
318 1829 386 1858 visit
403 1829 437 1859 L.
453 1829 607 1860 AEmilius
632 1829 774 1866 Paullus,
790 1838 846 1869 45,
864 1837 914 1866 27.
938 1830 1142 1859 Athenarum
1164 1829 1245 1859 arcis
1268 1837 1349 1868 prae-

202 1870 247 1900 ses
265 1871 423 1908 Minerva,
442 1873 493 1902 28.

158 1913 297 1943 Athenis
309 1914 469 1953 templum
484 1915 572 1946 ,lovis
587 1915 746 1954 Olympii,
761 1924 816 1953 41,
836 1923 886 1955 25.

158 1956 295 1987 Athenis
311 1959 410 1987 oratio
428 1958 605 1996 plurimum
624 1957 735 1996 pollet,
751 1959 861 1987 favore
877 1957 1108 1991 multitudinis,
1125 1966 1178 1995 31,
1197 1966 1249 1996 24.

159 1999 370 2030 Athenienses
397 2000 494 2031 literis
520 2001 684 2040 verbisque
708 2000 779 2031 solis
794 2000 915 2037 valent,
935 2010 988 2040 31,
1003 2011 1057 2040 44.
1077 2000 1193 2030 celeres
1216 2000 1302 2037 sunt,
1318 2005 1350 2030 e!

203 2042 294 2081 supra
310 2044 390 2072 vires
406 2044 554 2079 audaces,
568 2054 622 2085 45,
641 2053 692 2082 23.

158 2085 371 2122 Athenaeum,
388 2086 568 2122 castellum,
588 2088 640 2125 38,
662 2097 689 2117 1.
715 2095 769 2125 39,
786 2093 836 2126 25.

160 2128 350 2166 Afflenaeus,
366 2130 458 2159 frater
483 2130 637 2159 Eumenis
653 2136 684 2159 et
700 2129 813 2166 Attali,
829 2129 950 2159 auxilio
966 2129 1010 2160 est
1034 2128 1204 2164 Romanis,
1222 2127 1276 2166 38,
1296 2136 1347 2158 12.

208 2179 256 2208 13-
280 2181 335 2211 42,
354 2179 406 2212 55.
420 2172 595 2202 AEmilium
614 2172 762 2202 Paullum
778 2172 922 2212 Delphos
938 2172 1124 2208 comitatur,
1141 2179 1198 2211 45,
1216 2178 1268 2207 27.

159 2211 392 2253 Athenagoras,
411 2215 576 2254 praefeetus
602 2215 753 2255 Philippi,
780 2225 832 2254 31,
851 2223 901 2252 27.
920 2225 971 2255 35.
996 2215 1136 2244 adoritur
1164 2214 1348 2251 Dardanos,

203 2264 257 2293 43-
286 2257 318 2285 in
335 2257 516 2288 Chaoniam
531 2258 571 2288 ad
587 2259 792 2298 occupandas
807 2259 917 2289 fauces
928 2259 1078 2295 mittitur,
1095 2267 1149 2296 32,
1166 2264 1196 2297 5.
1223 2255 1348 2297 repellit

205 2297 383 2336 Romanos,
400 2310 453 2339 33,
472 2309 502 2338 7.

160 2340 392 2380 Athenagoras,
408 2344 474 2373 dux
490 2344 602 2382 Persei,
615 2344 724 2383 praeest
738 2343 986 2380 Thessalonicae,
1002 2353 1058 2382 44,
1077 2352 1129 2381 32.

161 2382 365 2416 Athletarum
379 2392 542 2418 certamen
558 2387 702 2427 primum
720 2386 846 2425 Romae,
867 2396 919 2427 39.
937 2396 989 2418 22.
1004 2386 1070 2416 vid.
1089 2392 1117 2415 ee
1131 2391 1187 2426 45,
1207 2394 1260 2424 32.

680 2429 740 2467 C3
