1572 2616
190 192 273 239 250
534 196 701 227 INDEX
738 198 793 227 IN
829 199 876 228 Τ.
902 198 1037 228 mvn

188 274 370 324 Theatrum
386 276 600 316 magnificum
617 277 735 317 Tegeae
758 279 942 309 Antiochus
965 279 1150 320 Epiphanes
1171 279 1274 310 facere
1297 279 1386 311 insti-

234 325 308 356 tuit,
352 328 380 356 1,
396 329 413 349 2
440 341 448 349 .

191 361 313 392 Thebae
324 329 434 402 {aput5
441 363 585 400 Boeotiae,
599 373 652 402 33,
671 373 698 395 1.
721 374 776 404 42,
790 375 844 404 44.
868 365 939 396 sunt
955 365 989 395 in
1003 375 1123 406 magno
1139 364 1294 399 tumultu,
1310 364 1387 395 ibid.

235 406 434 444 recipiuntur
447 416 466 436 a
483 406 652 443 Romanis,
669 408 723 445 63.
745 409 928 445 diruuntur,
945 420 977 449 9,
997 410 1046 440 18.

189 447 313 479 Thebae
329 449 533 486 Phthioticae,
552 451 604 486 28,
623 460 652 488 7.
676 450 738 481 five
760 451 898 488 Phthiae,
916 461 969 490 39,
987 462 1039 493 25.
1063 451 1245 492 aPhilippo
1267 457 1385 491 captae,

236 493 290 527 28,
310 499 338 528 7.
362 493 564 522 maritimum
581 495 778 533 emporium,
799 504 852 533 39,
870 502 922 534 25.
937 495 1004 526 vid.
1020 501 1048 525 et
1063 504 1116 533 32,
1132 504 1184 535 33.
1208 504 1261 534 33,
1280 503 1310 535 5.

190 534 319 565 Thebes
333 544 480 575 campus,
497 536 684 567 nobilitatus
698 538 843 568 carmine
859 537 1006 574 Homeri,
1025 546 1079 578 37,
1099 547 1149 578 ¹9·

190 577 347 614 Theium,
364 580 522 618 oppidum
537 580 758 618 Athamaniae,
777 582 831 619 38,
850 590 878 610 1.

190 620 390 659 Themistus,
417 622 549 652 Gelonis
570 632 678 661 gener,
694 624 736 654 ob
762 624 879 654 sociata
901 633 980 655 cum
1003 624 1236 655 Andranodoro
1256 622 1388 654 consilia

235 665 404 703 occiditur,
422 675 474 704 24,
494 676 544 705 24.
560 673 590 696 et
609 675 660 706 25.

189 706 339 744 Thenstae,
359 718 390 748 5,
408 719 462 748 41.
487 718 519 746 9,
536 719 590 748 40.

188 750 391 790 Theodotus,
407 761 491 782 unus
508 762 549 782 ex
565 751 740 790 conjuratis
756 753 790 782 in
809 753 999 793 Hieronymi
1016 753 1153 789 caedem,
1170 753 1303 782 traditur
1319 752 1388 781 An—

235 794 414 824 dranodoro
436 796 645 834 torquendus,
668 805 700 835 4,
718 805 748 835 5.
772 796 854 826 celat
877 797 1033 832 conscios,
1057 804 1088 826 et
1110 796 1310 826 Thrasonem
1336 796 1387 824 in-

232 837 359 868 sontem
370 838 493 868 confilii
509 838 674 869 auEtorem
698 840 866 876 mentitur,
884 839 956 870 ibid.

191 879 379 911 Theodotus
404 887 435 911 et
458 881 553 919 Sosis,
578 881 741 912 interfecto
767 882 981 922 Hieronymo,
998 882 1089 921 regiis
1112 881 1202 920 equis
1219 880 1391 921 Syracusas

236 924 451 960 contendunt,
469 935 522 963 24,
542 935 593 956 21.
617 935 670 955 eos
684 925 868 964 adloquitur
882 925 1145 960 Andranodorus,
1163 935 1213 955 22.

192 967 392 1004 Theodotus,
415 967 579 1007 praefectus
601 967 701 997 claffis
716 968 866 1006 Rhodiae,
882 975 938 1008 45,
960 978 974 998 2
979 976 1009 1008 5.
1034 968 1155 1006 legatus
1172 968 1308 997 mittitur
1326 966 1389 996 Ro-

236 1020 328 1040 mam
344 1019 421 1040 cum
438 1020 556 1040 corona
573 1011 684 1049 viginti
701 1010 844 1041 millium
859 1021 1042 1047 aureorum,
1057 1011 1128 1040 ibid.

191 1053 392 1091 Theodotus,
418 1053 534 1084 nobilis
557 1054 752 1092 adolescens,
769 1054 943 1085 Paffaronis
966 1054 1051 1085 urbis
1075 1061 1180 1094 portas
1202 1053 1302 1093 aperit
1325 1052 1391 1083 Ro-

237 1098 356 1133 manis,
375 1106 429 1136 45,
449 1097 501 1127 26.
780 1126 784 1129 .

190 1139 395 1180 Theogenes,
412 1140 478 1170 dux
496 1140 607 1177 Persei,
622 1150 678 1179 44,
697 1150 749 1179 32.

190 1183 378 1221 Theondas,
395 1183 539 1212 summus
555 1183 754 1221 magistratus
771 1182 1004 1219 Samothracae,
1018 1190 1073 1222 45,
1093 1193 1122 1223 5.

192 1225 370 1256 Theoxena
394 1226 450 1256 fibi
476 1234 554 1256 curn
578 1226 694 1256 marito
710 1232 741 1256 et
756 1225 860 1255 liberis
876 1226 985 1256 sororis
1000 1226 1123 1266 suisque
1147 1235 1261 1256 necem
1285 1226 1389 1262 affert,

237 1278 292 1308 40,
311 1279 342 1309 4·

191 1311 402 1348 Theoxenus,
420 1312 486 1342 dux
499 1313 710 1350 Achaeorum,
727 1312 861 1343 Rhodiis
875 1312 1101 1348 militantium,
1120 1321 1172 1350 33,
1194 1312 1244 1341 18.

191 1355 434 1395 Thermopylae,
463 1364 515 1394 33,
537 1365 566 1394 3.
589 1362 619 1386 et
645 1364 696 1396 35.
718 1354 947 1396 Thermopylis
970 1355 1118 1394 frequens
1143 1355 1276 1385 Graeciae
1303 1354 1389 1384 statis

237 1398 348 1429 diebus
365 1398 441 1428 solet
457 1400 516 1429 efl'e
533 1406 724 1436 conventus,
740 1398 813 1428 ibid.

192 1441 488 1482 Thermopylarum
512 1441 607 1472 saltus
623 1448 654 1472 et
669 1442 810 1481 angustae
825 1442 944 1478 fauces,
961 1442 1015 1477 28,
1033 1447 1064 1480 5.
1080 1446 1111 1471 et
1130 1448 1158 1478 7.
1186 1450 1237 1479 31,
1255 1449 1307 1479 23.
1331 1449 1388 1479 33,

240 1494 269 1524 3.
294 1486 332 1515 iis
347 1493 467 1515 nomen
484 1485 625 1515 inditum
641 1485 681 1514 ab
698 1485 788 1524 aquis
804 1485 929 1522 calidis,
945 1484 1002 1523 36,
1023 1492 1072 1524 ¹5·

193 1527 346 1558 Thesauri
364 1529 429 1557 auri
449 1527 579 1564 Gallici,
596 1528 629 1565 6,
652 1537 699 1566 14.
718 1534 748 1557 et
768 1535 815 1567 15.

193 1571 347 1601 Thesauri
364 1571 566 1610 Proserpinae,
583 1570 649 1600 vid.
667 1571 860 1610 Proserpina.

193 1614 375 1645 Thesaurus
390 1614 538 1652 publicus
554 1613 705 1643 Messenae
730 1614 786 1643 sub
809 1620 890 1643 terra
912 1612 989 1642 saxo
1011 1611 1166 1650 quadrato
1187 1610 1304 1650 septus,
1323 1619 1388 1649 quo

238 1657 463 1696 Philopoemen
476 1656 602 1687 vinGtus
618 1656 808 1694 demittitur,
827 1664 881 1695 39,
900 1663 951 1695 50.

194 1699 352 1739 Thespiae,
369 1710 423 1739 42,
440 1709 493 1738 43.

194 1743 414 1783 Thespienses,
434 1744 487 1781 36,
505 1751 557 1774 21.
581 1751 694 1772 eorum
709 1742 892 1782 emporium
908 1739 1037 1777 Creusa,
1053 1738 1126 1769 ibid.

195 1786 376 1826 Thesproti,
393 1795 449 1825 43,
468 1795 519 1817 21.

195 1829 402 1869 Thesprotius
418 1829 516 1866 sinus,
534 1829 567 1865 8,
586 1836 638 1867 24.

196 1872 363 1902 Theffaliae
381 1873 502 1911 campi,
523 1881 576 1910 31,
592 1881 646 1910 41.
668 1880 722 1910 42,
741 1878 791 1910 54.

195 1915 348 1951 Thessali,
366 1915 489 1954 populi,
507 1915 653 1954 adscripti
666 1923 685 1944 a
700 1913 848 1952 Philippo
871 1912 1074 1943 Macedoniae
1088 1921 1159 1951 rege
1174 1911 1296 1948 foederi,
1312 1920 1389 1941 curn

241 1958 398 1988 Romanis
422 1959 513 1992 inito,
540 1966 591 1995 29,
618 1967 667 1987 12.
699 1956 866 1986 Thessalos
891 1956 1011 1996 primos
1038 1955 1189 1985 omnium
1212 1955 1393 1984 liberandos

242 2001 390 2040 Philippo
416 2002 565 2030 nominat
588 2001 628 2030 T.
647 2000 815 2035 Quintius,
845 2008 898 2037 32,
926 2007 976 2029 ιο.
1006 1998 1096 2027 liberi
1124 1998 1389 2036 pronunciantur,

244 2054 297 2083 33,
316 2054 366 2082 32.
391 2044 442 2079 iis,
459 2049 570 2082 praeter
592 2042 771 2072 libertatem
794 2041 989 2077 concessam,
1007 2041 1118 2071 Achaei
1137 2040 1296 2070 Phthiotae
1311 2039 1390 2075 dati,

243 2096 295 2126 34.
317 2085 470 2122 Thessali,
497 2095 575 2124 gens
601 2086 745 2124 inquieto
771 2085 914 2123 ingenio,
944 2093 997 2122 34,
1023 2091 1072 2122 51.
1112 2082 1285 2112 liberantur
1308 2091 1326 2110 a
1349 2082 1392 2112 T.

244 2130 393 2166 Quintio,
409 2137 439 2158 et
456 2138 494 2158 ex
510 2129 598 2158 omni
624 2128 805 2158 colluvione
821 2134 851 2157 et
867 2126 1052 2156 confusione
1069 2127 1101 2155 in
1118 2126 1260 2164 aliquam
1278 2125 1393 2154 tolera-

243 2172 342 2202 bilem
359 2173 496 2202 formam
512 2171 707 2209 rediguntur,
725 2170 796 2200 ibid.
818 2179 932 2200 eorum
942 2169 1121 2198 concilium
1138 2168 1274 2203 Larissae,
1290 2169 1344 2205 36,
1359 2169 1393 2198 8.

243 2226 300 2253 42,
319 2217 370 2254 38.
395 2217 626 2254 impugnantur
641 2214 681 2243 ab
694 2213 870 2249 Antiocho,
891 2213 942 2249 36,
961 2223 991 2252 9.
1006 2219 1036 2241 et
1057 2221 1106 2242 ιο.
1128 2220 1240 2241 eorum
1256 2210 1394 2249 querelae

232 2259 283 2288 ·de
298 2257 431 2288 urbibus
448 2258 508 2287 suis
524 2267 541 2286 a
557 2256 703 2295 Philippo
720 2255 868 2295 possesES,
886 2264 941 2293 39,
958 2265 1010 2295 24.
1026 2261 1058 2285 et
1075 2262 1126 2294 25.
1149 2263 1263 2284 eorum
1278 2254 1394 2283 discor-

245 2289 305 2330 diae
323 2301 428 2340 l'opitae
442 2301 482 2330 ab
496 2301 561 2339 Ap.
574 2299 708 2329 Claudio
724 2299 841 2338 legato,
857 2307 913 2338 42,
931 2305 962 2338 5.

201 2343 341 2374 Thessali
357 2344 492 2381 equites,
507 2352 539 2381 9,
560 2352 610 2382 19.

202 2386 370 2416 Thessalici
390 2387 547 2424 equitatus
564 2386 675 2420 virtus,
690 2395 745 2424 42,
764 2392 814 2424 59.

202 2429 424 2461 Thessalonica
451 2429 537 2466 urbs,
564 2437 618 2467 39,
644 2435 696 2465 27.
718 2437 773 2467 40,
794 2437 828 2467 4.
851 2426 927 2458 urbs
951 2425 1168 2464 celeberrima,
1185 2431 1240 2465 45,
1259 2433 1309 2463 30.
1334 2422 1394 2454 ibi-
