1572 2616
251 153 276 193 3
697 167 983 198 PRAEFAmo.

249 266 334 301 quae
355 264 404 290 ex
423 254 552 291 multis
570 254 719 292 familiis
738 256 948 294 conficitur.
1005 256 1081 293 Alii
1100 256 1204 294 enim
1222 257 1309 295 sunt
1328 257 1434 302 Paeti,

250 317 312 353 alii
330 317 501 367 Ligures,
515 319 574 355 alii
593 319 689 363 Cati,
705 320 846 356 Lamiae
864 321 956 357 item
974 320 1048 357 alii.
1104 321 1154 358 Et
1173 321 1330 370 gentiles
1350 321 1437 357 inde

249 380 351 425 dieti,
366 383 429 431 qui
452 384 509 430 (ut
530 383 664 419 Cicero
683 384 720 419 in
739 383 891 433 Topicis
912 397 960 420 ex
978 384 1158 421 sententia
1178 385 1358 422 Scaevulae
1374 383 1438 433 ju-

248 443 455 482 risconsulti
483 445 622 494 scribit)
650 448 747 483 inter
773 447 812 484 se
838 448 974 484 eodem
1001 449 1155 485 nomine
1180 448 1279 493 sunt,
1301 450 1364 497 qui
1392 449 1439 484 ab

249 508 421 557 ingenuis
441 510 586 547 oriundi
620 510 719 555 sunt,
749 523 911 560 quorum
941 510 1127 560 majorum
1154 524 1267 548 nemo
1284 500 1440 548 servitu-

249 577 328 608 tem
348 572 506 618 servivit,
527 575 593 623 qui
620 576 740 623 capite
768 587 844 612 non
874 575 960 613 sunt
980 576 1170 613 diminuti.
1227 575 1329 611 Gens
1349 587 1439 624 ergo

250 637 425 674 Cornelia
452 639 515 680 est,
546 639 669 682 Fabia,
698 639 867 683 Claudia,
887 641 1011 677 Junia.
1069 640 1238 676 Gentiles
1267 651 1355 675 vero
1375 640 1439 688 qui

250 700 360 738 fimili
379 703 532 740 nomine
561 704 808 753 appellantur,
837 704 1018 749 Cornelii,
1046 705 1161 748 Fabii,
1189 704 1350 748 Claudii,
1370 704 1443 740 Ju-

247 764 301 800 nii
319 779 327 801 :
359 777 435 801 non
455 772 583 803 autem
602 767 791 816 Scipiones
810 774 848 803 et
867 768 987 811 Bruti,
1007 773 1050 804 ut
1067 767 1234 811 Boetius,
1257 767 1440 802 acerrimo

250 828 306 863 vir
343 828 509 878 ingenio,
556 829 595 865 in
637 830 780 879 Topica
817 830 1011 866 Ciceronis
1047 829 1173 866 scribit
1193 844 1201 865 :
1243 827 1444 865 familiares

247 890 354 928 enim
382 894 505 941 potius
535 905 583 930 ex
613 893 763 938 familia,
782 900 827 931 ut
845 906 893 931 ex
913 894 1018 931 Festo
1046 901 1210 943 apparet,
1230 891 1442 941 appellandi

248 952 350 1000 sunt,
372 968 486 1004 quam
505 957 676 1005 gentiles.
730 959 860 1007 Atque
888 958 988 994 haud
1009 957 1083 994 scio
1102 969 1148 993 an
1176 957 1309 993 reffius
1328 955 1444 991 etiam

248 1017 393 1064 Festus,
413 1021 477 1069 qui
496 1021 656 1069 gentiles
684 1027 787 1059 etex
815 1023 951 1059 eodem
969 1033 1107 1071 genere
1122 1028 1236 1063 ortos,
1256 1025 1295 1055 et
1313 1019 1379 1067 qui
1398 1017 1445 1055 fi-

250 1082 334 1119 mili
361 1084 516 1120 nomine
543 1085 793 1134 appellantur,
814 1085 971 1123 definit:
1003 1085 1040 1121 id
1067 1091 1168 1120 certe
1187 1082 1295 1132 quod
1311 1082 1386 1118 late
1406 1086 1446 1117 et

250 1146 352 1182 varie
374 1146 555 1183 diffusum
581 1155 674 1192 erat,
706 1148 778 1184 suis
806 1148 907 1195 quafi
941 1147 1116 1184 cancellis
1149 1143 1446 1193 circumscripsit.

250 1206 360 1245 Nam
387 1214 425 1246 et
454 1209 608 1254 Valerii,
630 1218 669 1247 et
689 1211 805 1255 Fabii,
835 1211 997 1254 Claudii,
1029 1210 1173 1259 Papirii,
1193 1207 1328 1251 Tullii,
1346 1205 1446 1255 ejus-

250 1270 344 1309 dem
359 1274 516 1322 quidem
542 1276 717 1317 nominis,
738 1273 966 1312 diversarum
994 1281 1122 1310 tamen
1145 1272 1315 1322 gentium
1345 1269 1445 1314 sunt,

251 1347 374 1385 quum
393 1339 538 1388 patricii
556 1352 602 1377 ex
624 1339 680 1376 bis
699 1339 773 1384 alii,
795 1338 855 1376 alii
876 1338 1015 1388 plebeii
1035 1338 1277 1387 reperiantur.
1306 1335 1448 1383 Neque

251 1401 358 1438 enim
369 1402 518 1440 Claudii
532 1404 683 1441 Pulchri
703 1410 768 1441 aut
787 1403 977 1448 Nerones,
993 1402 1268 1440 Marcellorum
1287 1398 1448 1450 gentiles

252 1463 363 1505 sunt:
394 1479 466 1506 nec
494 1469 598 1506 Fabii
617 1468 809 1514 Vibulani,
832 1480 965 1505 eorum
989 1469 1054 1517 qui
1077 1466 1200 1510 Dorfi,
1218 1471 1282 1503 aut
1299 1463 1448 1514 Papirii,

251 1539 387 1569 eorum
405 1534 471 1582 qui
490 1534 680 1571 Carbones
698 1533 948 1583 appellantur,
968 1532 1127 1582 gentiles
1146 1530 1271 1568 haberi
1288 1530 1447 1566 debent:

254 1593 398 1634 diversa
416 1599 521 1635 enim
540 1610 677 1649 genera
695 1597 794 1643 sunt,
816 1597 969 1635 diversae
987 1596 1155 1641 familiae,
1177 1595 1260 1632 aliae
1287 1593 1450 1642 denique

254 1657 397 1709 stirpes,
451 1663 568 1699 Reece
596 1675 700 1712 erge,
722 1674 807 1699 mea
835 1662 990 1711 quidem
1016 1661 1212 1700 sententia,
1239 1657 1380 1699 Festus,
1402 1668 1451 1694 ex

254 1724 394 1762 eodem
413 1738 551 1771 genere
569 1733 668 1763 ortos
687 1726 844 1769 gentiles
862 1725 936 1756 effe
955 1719 1063 1757 dixit.
1119 1719 1248 1768 Atque
1266 1718 1349 1756 haec
1367 1719 1450 1768 qui-

255 1783 347 1822 dem
384 1785 430 1822 ad
457 1785 543 1836 jura
573 1784 762 1833 gentilicia
790 1785 955 1821 maxime
984 1784 1199 1832 pertinent:
1243 1784 1379 1832 quain
1410 1795 1452 1820 re

257 1849 354 1889 illud
371 1851 580 1896 statuimus,
606 1852 821 1888 eommunia
851 1848 925 1885 effe
955 1847 1130 1897 quaedam
1156 1848 1328 1885 omnium
1357 1859 1451 1898 gen-

260 1915 374 1959 tium,
393 1916 568 1964 quaedam
586 1915 734 1965 propria
763 1920 802 1950 et
820 1911 1019 1962 peculiaria
1037 1909 1215 1960 cujusque
1244 1910 1365 1959 gentis
1385 1909 1449 1959 ju-

258 1990 313 2017 ra.
359 1980 590 2017 Communia
609 1979 695 2016 sunt
720 1977 956 2015 haereditates
975 1982 1014 2013 et
1033 1974 1177 2018 tutelae,
1198 1986 1282 2022 quae
1300 1985 1349 2009 ex
1366 1973 1450 2021 lege

259 2044 355 2082 XII.
371 2045 583 2082 tabularum
611 2044 658 2081 ad
685 2048 836 2092 agnatos
856 2047 895 2078 et
913 2039 1072 2090 gentiles
1099 2039 1299 2087 pertinent.
1328 2037 1450 2087 Leges

261 2109 366 2145 enim
378 2107 447 2144 hac
462 2108 509 2144 de
518 2119 558 2145 re
572 2119 593 2144 a
610 2117 871 2144 DECEMVIRIS
889 2103 993 2146 latas,
1008 2108 1145 2152 praeter
1151 2098 1451 2149 jurisconsultos,

262 2173 391 2210 auetor
409 2173 454 2208 ad
472 2172 712 2210 Herennium
730 2171 832 2207 lib.i.
853 2174 892 2205 et
906 2168 1041 2206 Cicero
1060 2166 1298 2204 Rhetoricwn
1318 2165 1452 2202 secun-

264 2237 315 2273 do
334 2237 522 2274 testantur.
578 2238 638 2273 Ac
665 2235 712 2272 de
732 2232 949 2271 haereditate
967 2231 1148 2280 quidem:
1181 2242 1215 2267 51
1248 2241 1449 2267 PATERFA.

265 2312 500 2339 ῑΝτΕεΤΑΤο
522 2311 733 2342 MORITUR,
754 2308 933 2335 FAMILIA
953 2307 1230 2337 RECUNJAQUE
1259 2305 1357 2330 usus
1375 2303 1450 2329 AG·

264 2376 472 2404 NATORUM
503 2373 834 2403 Gannmumetrss
864 2372 979 2400 ΕεΤο.
1036 2360 1098 2398 De
1126 2357 1242 2397 tutela
1266 2368 1376 2395 vero:
1410 2367 1446 2392 st
