1572 2616
198 142 280 184 160
543 152 708 182 1NDEx
743 153 799 183 IN
833 153 1036 184 T.1.1v11

193 235 305 266 Mures
322 234 356 264 in
371 232 466 265 usum
482 232 629 263 ciborum
648 232 723 263 Versl
740 234 780 264 ab
796 235 921 266 obseffis
937 235 971 265 in
988 235 1066 266 urbe
1082 235 1234 275 Cafilino,
1251 246 1302 277 23,
1324 247 1373 277 19.

191 295 236 302 —·
252 287 368 309 aurum
385 277 514 313 rodunt,
531 277 599 308 vid.
616 277 769 316 Prodigia.

194 322 392 361 Murgantia,
411 321 485 351 urbs
500 320 603 351 valida
627 321 660 350 in
681 321 827 357 Samnio,
845 328 1050 362 oppugnatur
1065 329 1096 354 et
1110 323 1247 364 capitur,
1267 333 1318 363 10,
1340 332 1390 362 17.

195 366 395 405 Murgantia,
411 364 485 394 urbs
501 364 632 401 Siciliae,
652 374 704 404 24,
721 373 771 402 27.
792 367 842 403 36.
868 368 921 402 26,
936 377 988 398 21.

193 408 282 439 Muri
296 409 366 439 urbi
384 408 499 438 Romae
513 408 716 444 circumdati,
737 417 765 444 1,
785 409 815 438 6.
835 418 885 448 33.
905 410 955 447 36.
973 411 1025 448 38.
1042 416 1074 440 et
1089 420 1142 451 44.
1167 412 1199 448 6,
1215 419 1267 450 32.

194 452 283 482 Muri
301 453 451 482 omnium
469 451 514 481 cis
531 451 660 482 Iberum
679 452 860 483 civitatium
873 452 999 491 dejeffi,
1016 463 1070 493 34,
1092 463 1142 491 17.

194 496 366 526 Murorum
383 495 505 534 pinnae,
523 496 576 533 38,
595 503 625 535 5.
1402 518 1409 523 .

194 539 309 569 Murus
337 548 440 568 novus
466 538 609 576 objectus
638 548 694 578 pro
722 538 827 568 diruto
854 539 887 569 in
914 540 1224 579 oppugnationibuS‚
1254 549 1307 579 21,
1340 549 1392 571 11.

241 585 293 620 38,
316 590 344 620 7·

196 625 329 663 Mutila,
346 625 441 655 Istriae
456 625 626 665 oppidum,
642 625 672 654 vi
690 625 814 665 capitur
829 634 847 655 a
863 625 1033 663 Romanis,
1048 636 1104 666 41,
1126 633 1176 666 15.

196 669 367 705 Mutilum,
385 670 535 705 castrum,
556 678 607 706 31,
625 678 655 699 2.
680 678 734 706 33,
754 676 806 707 37.

195 713 337 749 Mutina,
357 722 409 748 21,
430 722 480 751 25.
508 720 560 750 35,
577 721 608 750 4.
633 711 760 741 colonia
775 713 895 742 civium
913 711 1150 749 Romanorum,
1169 721 1223 753 39,
1242 718 1294 752 55.
1316 721 1396 752 cap-1

239 762 305 785 tam
322 765 341 785 a
360 755 533 794 LiguribuS,
551 755 708 793 recipiunt
726 755 878 793 Romani,
894 764 950 795 41,
970 765 1020 786 20.

195 798 414 828 Mutinensem
432 808 543 836 agrum
563 797 756 837 populantur
774 799 915 837 Ligures,
932 809 986 838 41,
1011 800 1058 829 18.

195 842 352 878 Mutines‚
370 842 426 871 sub
447 841 609 870 Annibale
633 851 747 871 omnes
773 842 846 871 belli
870 850 950 872 artes
977 842 1120 878 edofims,
1138 850 1241 871 novus
1264 841 1333 870 dux
1357 841 1391 871 in

237 886 357 922 Sicilia,
377 894 430 925 25,
448 894 501 924 40.
526 891 618 914 terret
635 885 812 922 Romanos,
829 885 901 914 ibici.
925 895 963 915 eo
980 885 1107 915 absente
1132 884 1282 924 proelium
1301 893 1393 913 com-

239 929 390 965 mittitur,
406 938 459 968 41.
489 935 624 957 Vincunt
647 928 802 964 Romani,
819 928 890 958 ibid.
921 929 981 958 urit
998 939 1087 968 agros
1105 929 1262 958 sociorum
1282 927 1392 967 populi

238 972 377 1002 Romani
397 973 428 1001 in
445 971 565 1007 Sicilia,
584 971 637 1007 26,
656 981 706 1001 21.
731 972 770 1001 ab
794 971 969 1007 Hannone,
995 971 1307 1010 Carthaginiensium
1332 972 1394 1000 im-

238 1023 392 1055 peratore,
410 1015 594 1054 praefefflura
617 1015 837 1045 Numidarum
862 1015 1026 1054 spoliatur,
1043 1025 1096 1055 40.
1121 1014 1213 1044 tradit
1236 1014 1392 1052 Agrigen-

240 1065 312 1089 tum
330 1059 498 1095 Romanis,
515 1058 587 1088 ibid.
611 1059 749 1089 donatur
763 1059 891 1089 civitate
912 1058 1073 1096 Romana,
1092 1065 1145 1096 27,
1164 1065 1194 1099 5.
1210 1057 1276 1088 vid.
1291 1064 1318 1087 et
1335 1057 1390 1097 38,

239 1112 292 1142 41.

196 1146 382 1186 Mycenica,
399 1145 488 1175 locus
503 1145 590 1174 haud
607 1145 717 1184 procul
733 1146 838 1184 Argis,
855 1155 910 1184 32,
929 1154 982 1184 39.

197 1189 301 1228 Myla,
316 1190 452 1225 flumen,
473 1198 523 1228 24,
544 1198 594 1226 30.
613 1198 664 1226 3¹·

195 1233 308 1273 Mytae,
326 1233 483 1272 oppidum
505 1232 770 1268 munitiffimum,
787 1231 912 1271 capitur
933 1237 965 1261 et
988 1231 1133 1270 diripitur
1155 1240 1174 1261 a
1197 1229 1319 1268 Perseo,
1335 1239 1392 1270 42,

246 1286 259 1302 ι
290 1301 295 1305 .

197 1287 370 1360 Μῇὶζῖεῃῐς
387 1318 578 1347 immunitas
592 1318 749 1354 concessa,
771 1319 821 1356 38,
841 1328 892 1358 39.

198 1361 416 1403 Mylafl'enses‚
434 1360 520 1391 iidem
545 1361 595 1402 qui
621 1361 781 1402 Mylastni,
805 1366 967 1400 occupant
989 1359 1238 1391 Euromensium
1262 1358 1393 1400 oppida,

241 1415 296 1446 45,
315 1412 366 1444 25.
391 1405 576 1443 rediguntur
592 1405 631 1434 ab
646 1405 779 1435 Rhodiis
795 1405 827 1434 in
841 1404 998 1438 officium,
1016 1404 1088 1434 ibid.

198 1449 354 1489 Myndus,
371 1449 495 1485 civitas,
513 1456 566 1487 37,
586 1449 635 1479 16.

198 1492 339 1532 Myndii,
360 1501 412 1530 33,
430 1501 481 1530 30.

200 1535 411 1575 Myonnesus,
429 1534 689 1574 promontorium
703 1534 786 1565 inter
797 1535 905 1565 Teum
922 1534 1137 1574 Samumque,
1157 1540 1210 1571 37,
1228 1542 1275 1572 13.
1293 1537 1324 1562 et
1342 1538 1393 1569 27.

197 1579 340 1619 Myrina,
356 1579 442 1615 urbs,
460 1587 513 1616 33,
534 1587 584 1616 30.

198 1621 294 1661 Myfi,
311 1621 376 1650 vid.
398 1621 501 1651 Moefi.

199 1665 282 1704 Myfi
297 1665 455 1703 sagittarii,
471 1671 523 1702 37,
542 1672 595 1702 40.

199 1708 302 1749 Myfia
319 1708 456 1739 Eumeni
472 1709 604 1745 donata,
620 1707 674 1747 38,
693 1715 743 1747 39.

774 1913 818 1944 N.

198 2005 359 2057 NABIS,
376 2018 696 2049 Lacedaemoniorum
720 2022 888 2056 tyrannm,
910 2015 950 2046 ab
967 2014 1122 2045 Romanis
1145 2012 1317 2051 adscriptus
1333 2012 1390 2041 foe-

240 2066 320 2101 deri,
337 2072 414 2093 cum
432 2062 579 2101 Philippo
596 2070 666 2100 rege
683 2061 775 2098 inito,
795 2068 844 2098 29,
866 2068 916 2090 12.
939 2060 1036 2088 vastat
1056 2057 1269 2087 finitimorum
1286 2064 1389 2094 agros,

270 2118 279 2138 i
317 2118 332 2138 2
361 2127 367 2133 -

245 2118 260 2147 3
286 2129 313 2180 ei
339 2115 508 2179 {raduntur
532 2156 549 2176 a
574 2146 722 2186 Philippo
746 2145 835 2184 Argi,
858 2154 910 2183 32,
928 2145 978 2182 38.
1002 2141 1069 2180 ejus
1093 2151 1172 2172 cum
1195 2142 1235 2172 T.
1255 2141 1391 2172 Quintio

240 2193 427 2224 Flaminino
452 2189 582 2220 consule
605 2189 817 2227 colloquium,
837 2197 887 2226 39.
911 2185 1032 2217 auxilia
1054 2186 1154 2216 mittit
1170 2185 1339 2221 Romanis,
1358 2190 1390 2214 et

242 2237 387 2266 inducias
415 2243 493 2264 cum
522 2233 650 2263 Achaeis
679 2233 765 2268 facit,
793 2230 862 2260 ibid.
895 2229 1006 2269 spoliat
1037 2229 1178 2268 Argivos,
1206 2238 1258 2266 40.
1292 2227 1392 2258 mittit

241 2288 378 2311 uxorem
395 2277 482 2308 suam
498 2277 599 2315 Argos
615 2276 654 2305 ad
670 2274 847 2314 spoliandas
862 2273 1011 2308 feminas,
1027 2272 1098 2302 ibid.

285 2323 323 2352 de
340 2320 424 2351 bello
444 2321 472 2350 ei
500 2319 664 2350 inferendo
677 2318 853 2348 deliberant
867 2317 985 2354 Patres,
1001 2322 1032 2346 et
1046 2315 1086 2346 T.
1105 2315 1241 2346 Quintio
1257 2322 1326 2344 rem
1341 2318 1391 2342 to-

243 2373 310 2397 tam
328 2363 531 2403 permittunt,
547 2372 600 2401 33,
618 2370 670 2402 44.
1367 2398 1372 2403 ⁸

284 2407 408 2441 bellum
424 2406 570 2441 adversus
585 2414 664 2440 eum
679 2405 856 2446 decretum,
875 2412 927 2445 34,
946 2411 1085 2445 zze-24.
1107 2406 1278 2443 apparatus
1298 2397 1389 2437 belh,
