1572 2616
208 204 288 236 202
550 205 715 234 INDEX
751 205 805 234 IN
840 206 886 234 T.
913 205 1046 235 LIVII

766 256 771 269 1

255 284 368 315 lucum
386 284 541 324 Feroniae,
560 291 696 324 quatuor
712 285 798 324 signa
814 286 967 325 sanguine
991 285 1096 316 multo
1118 286 1205 316 diem
1227 295 1265 316 ac
1282 285 1411 317 noftem

257 328 421 365 sudarunt,
440 337 492 366 27,
508 339 541 368 4.
565 329 663 367 Signa
679 329 711 358 in
729 329 889 368 Capitolio
907 330 1075 366 constrata,
1093 339 1147 369 40,
1164 336 1220 368 45.

212 371 366 411 Prodigia.
387 372 608 402 Simulacrum
624 373 763 402 junonis
780 374 911 412 Sospitae
929 374 1062 403 Lanuvii
1081 373 1277 409 lacrimavit,
1291 382 1346 411 40,
1365 382 1415 409 19.

212 430 257 438 --
273 415 326 445 Sol
351 415 460 445 rubere
477 416 559 445 visus
582 415 674 445 solito
699 418 814 455 magis,
836 417 1005 456 similisque
1029 417 1217 456 sanguineo,
1237 424 1290 453 ις,
1310 424 1338 452 7.
1361 425 1416 456 per

260 464 366 488 toturn
384 459 468 489 diem
488 459 627 489 Priverni
641 459 748 489 sereno
766 460 859 490 ruber
875 460 947 496 suit,
967 469 1021 498 31,
1042 469 1091 490 12.

217 518 261 524 —
276 501 358 531 Solis
374 502 457 532 orbis
473 503 578 532 minui
595 502 679 532 visus
696 503 821 539 Cumis,
839 513 892 542 30,
909 504 960 542 38.
983 503 1055 532 vide
1071 503 1160 533 etiam
1176 511 1230 539 22,
1243 512 1274 532 '1-

217 561 262 567 —
277 545 365 575 Soles
378 546 442 575 duo
457 545 526 582 visi,
542 545 594 581 28,
613 555 661 575 11.
687 555 740 584 29,
762 556 810 585 ¹4·

218 604 263 610 —
279 588 366 619 Soles
383 596 443 619 tres
459 589 555 619 simul
571 588 768 625 effulserunt,
787 599 842 630 41,
862 589 913 620 26.

221 632 383 662 —Sortes
407 632 459 662 sua
482 633 592 671 sponte
615 639 813 670 extenuatae,
831 641 960 672 unaque
983 633 1103 663 excidit
1127 633 1171 662 ita
1187 631 1318 671 scripta:
1345 630 1419 660 Ma.

267 686 335 704 vors
352 675 440 704 telum
457 676 595 718 concutit,
613 685 665 712 22,
686 685 714 705 1.

223 734 267 740 -
283 719 410 758 Species
425 719 482 748 viri
501 719 641 756 majoris,
659 728 758 758 quam
783 729 837 758 pro
855 720 1001 749 humano
1017 719 1143 754 habitu,
1160 716 1420 756 augustiorisque,

266 762 331 791 visa
348 763 380 792 in
396 762 502 801 quiete
515 763 642 801 utrique
658 762 793 798 consuli,
808 763 840 798 8,
852 764 882 793 6.
907 763 1034 802 Species
1046 762 1221 792 hominum
1232 761 1316 790 circa
1331 769 1421 790 aram

269 805 302 834 in
319 806 415 842 coelo,
430 814 507 835 cum
523 805 659 835 candida
675 806 768 842 veste,
788 816 839 844 24,
860 815 908 835 10.

225 864 268 870 --
285 848 388 887 Spicae
412 849 607 878 metentibus
629 856 770 878 cruentae
795 850 826 878 in
850 849 981 879 corbem
1005 848 1160 885 cecidere,
1182 857 1234 885 22,
1256 857 1282 877 ¹..
1299 853 1423 876 meten-

268 892 354 921 tibus
369 899 509 921 cruentae
526 892 611 927 visae,
632 894 683 926 28,
705 901 753 921 11.

228 951 271 957 -
286 935 445 974 Stagnum
459 935 619 971 Mantuae,
635 935 773 965 effusum
792 935 918 965 Mincio
929 935 1032 972 amni,
1045 941 1218 965 cruentum
1234 933 1352 969 visum,
1370 941 1423 971 24,

275 986 322 1008 ιο.

230 1037 274 1044 —
290 1021 444 1061 Strepitus
461 1029 537 1050 cum
561 1021 719 1051 horrendo
742 1021 861 1060 fragore
879 1021 1012 1052 Lanuvii
1030 1020 1062 1050 in
1079 1021 1147 1051 aede
1163 1020 1301 1050 Junonis
1320 1018 1425 1057 Sospi-

272 1071 312 1094 tae
329 1065 447 1102 editus,
466 1074 518 1104 29,
542 1074 590 1103 14.
618 1074 671 1103 31,
691 1074 739 1095 12.

228 1108 444 1138 -Tabemae
471 1107 646 1139 Frusinone
671 1108 709 1137 de
734 1106 817 1137 coelo
834 1107 938 1144 tafiae,
954 1117 1006 1146 30,
1033 1108 1084 1146 38.
1109 1114 1140 1136 et
1164 1105 1352 1142 Minturnis,
1371 1105 1424 1143 36,

229 1211 272 1217 —
287 1194 414 1224 Taurus
430 1202 508 1223 cum
531 1193 677 1233 quinque
693 1193 799 1223 vaccis
822 1202 889 1223 uno
912 1192 1058 1224 fulminis
1076 1191 1138 1222 ie'tu
1163 1191 1353 1227 exanimati,
1370 1199 1426 1228 42,

275 1246 325 1268 20.

229 1297 273 1303 —-
287 1279 473 1318 Tempestas
489 1285 579 1309 atrox
602 1278 689 1318 signa
705 1288 794 1309 aenea
811 1278 843 1308 in
861 1278 1021 1319 Capitolio
1045 1277 1172 1316 dejecit,
1195 1287 1251 1316 40,
1270 1287 1300 1307 2.
1324 1276 1425 1306 forem

274 1333 314 1352 ex
331 1323 398 1353 aede
413 1323 526 1361 Lunae,
543 1332 615 1362 quae
634 1323 666 1352 in
682 1323 845 1351 Aventino
868 1323 924 1359 est,
943 1329 1068 1361 raptam
1086 1320 1170 1358 tulit,
1187 1328 1218 1350 et
1242 1322 1275 1350 in
1299 1320 1426 1359 posticis

276 1366 448 1406 parietibus
470 1366 590 1396 Cereris
615 1365 727 1404 tempii
750 1365 875 1403 adfixit,
901 1365 972 1394 ibid.
998 1365 1084 1404 signa
1107 1365 1141 1394 in
1165 1364 1258 1393 Circo
1282 1364 1428 1392 maximo

274 1419 352 1440 curn
369 1409 543 1445 columnis,
560 1409 676 1449 quibus
693 1408 920 1448 superstabant,
936 1409 1060 1445 evertit,
1076 1407 1149 1438 ibid.
1161 1406 1229 1438 vid.
1244 1414 1272 1436 et
1287 1416 1342 1447 45.

232 1470 276 1476 -
289 1452 468 1492 Templum
484 1453 621 1482 Junonis
637 1452 776 1482 Laciniae
791 1452 830 1482 de
846 1452 930 1482 coelo
947 1451 1083 1488 taftum,
1103 1458 1154 1489 37,
1174 1460 1204 1489 3.

232 1513 276 1519 —
289 1496 445 1526 Tenebrae
462 1496 534 1526 luce
550 1495 683 1529 obortae,
703 1496 756 1532 38,
773 1496 824 1532 36.

233 1540 385 1569 —Terra
402 1539 522 1578 ingenti
541 1546 632 1568 motu
656 1538 818 1574 concussa,
836 1547 866 1576 3,
888 1547 938 1568 10.
963 1537 1173 1567 multifariam
1190 1535 1284 1575 pluit,
1307 1546 1356 1572 10,
1377 1544 1427 1573 31.

278 1582 343 1612 vid.
362 1588 389 1610 et
413 1592 466 1621 35,
492 1592 543 1612 21.
569 1589 622 1618 37,
647 1591 676 1619 3.
700 1591 755 1620 42,
782 1591 833 1611 20.
854 1588 911 1620 45,
937 1582 986 1610 16.
1025 1580 1182 1618 Anagniae
1206 1586 1280 1608 ante
1304 1586 1429 1618 portam

277 1625 352 1662 iffa,
369 1625 456 1654 diem
480 1633 517 1654 ac
534 1624 663 1653 noctem
678 1624 742 1653 sine
758 1623 825 1653 ullo
841 1624 923 1663 ignis
938 1623 1094 1653 alimento
1111 1621 1195 1658 arfit,
1213 1629 1266 1658 27,
1284 1631 1315 1660 4.
1338 1622 1430 1660 Arpi-

278 1669 311 1698 ni
335 1668 502 1707 campestri
520 1676 595 1706 agro
619 1667 652 1696 in
676 1667 840 1705 ingentem
864 1666 971 1696 finum
995 1665 1147 1701 consedit,
1167 1674 1220 1703 30,
1240 1674 1268 1694 2.
1292 1664 1429 1702 ingenti-

276 1712 339 1742 bus
362 1710 504 1740 cavernis
521 1710 554 1739 in
578 1709 740 1739 Veliterno
766 1719 841 1749 agro
863 1710 1017 1746 consedit,
1033 1708 1220 1746 arboresque
1243 1708 1276 1736 in
1299 1707 1432 1746 profun-

280 1755 359 1784 dum
376 1754 509 1791 haustae,
529 1762 582 1791 30,
602 1754 651 1791 38.
669 1752 733 1782 vid.
751 1760 778 1782 et
794 1763 847 1791 32,
868 1764 897 1793 9.

236 1815 279 1821 —
294 1799 399 1828 Terrae
423 1803 530 1827 motus
554 1796 761 1835 prodigiosus,
783 1803 833 1836 15,
855 1805 904 1826 10.
931 1795 1037 1826 Terrae
1054 1794 1196 1825 motibus
1213 1793 1327 1823 crebris
1350 1792 1433 1823 meta

282 1842 315 1870 in
331 1841 413 1880 agris
428 1846 536 1875 ruunt,
553 1849 586 1878 4,
606 1849 657 1870 21.

238 1902 281 1908 -—
297 1884 420 1913 Tiberis
437 1883 618 1918 inundatio,
637 1892 690 1920 30,
708 1883 759 1919 38.
783 1882 856 1912 loca
873 1880 969 1920 plana
985 1880 1073 1911 urbis
1089 1880 1270 1917 inundavit,
1289 1887 1340 1918 35,
1360 1890 1389 1919 9.

235 1944 280 1952 -
295 1927 402 1956 Vacca
414 1936 503 1956 aenea
519 1925 678 1965 Syracusis
691 1926 730 1955 ab
748 1925 857 1964 agresti
871 1931 962 1955 tauro
979 1924 1069 1960 inita,
1086 1933 1123 1953 ac
1139 1923 1259 1953 semine
1275 1922 1429 1961 adspersa,

310 1980 337 2006 1,
358 1979 368 1999 1
379 1978 407 2006 7.

239 1980 473 2052 -4Vesparum
496 2011 608 2050 ingens
638 2020 777 2040 examen
801 2010 921 2050 Capuae
947 2011 979 2040 in
1006 2010 1112 2040 forum
1139 2007 1312 2044 advolavit,
1342 2013 1374 2037 et
1400 2007 1433 2036 in

286 2056 398 2086 Martis
413 2054 481 2084 aede
496 2054 649 2089 consedit,
669 2062 722 2093 35,
742 2065 771 2094 9.

240 2116 284 2124 -—
299 2099 359 2129 Via
375 2097 503 2137 publica
519 2097 652 2126 Lanuvii
667 2097 705 2126 de
721 2096 804 2126 coelo
821 2095 915 2131 taGia,
933 2105 986 2134 32,
1005 2104 1033 2133 9.

241 2159 285 2166 —
300 2141 439 2171 Vifitoria
454 2142 486 2170 in
510 2141 578 2170 aede
593 2140 793 2176 Concordiae,
811 2148 883 2178 quae
900 2140 932 2168 in
949 2137 1093 2168 culmine
1113 2143 1191 2175 erat,
1206 2135 1343 2166 fulmine
1360 2135 1434 2173 ἰδίει,

288 2186 340 2221 26,
358 2193 406 2222 23.

243 2245 286 2251 —
302 2228 356 2257 Vir
372 2226 472 2256 fa6tus
487 2235 527 2256 ex
543 2224 690 2262 muliere,
709 2234 761 2263 24,
784 2234 832 2255 10.

243 2270 444 2307 -Vitulus,
467 2269 537 2307 jam
565 2267 659 2304 ifius,
683 2277 699 2297 e
723 2268 873 2297 manibus
900 2265 1151 2296 sacrificantium
1178 2265 1237 2296 sese
1269 2265 1435 2305 proripuit,

289 2313 470 2350 multosque
485 2312 725 2341 circumstantes
741 2319 850 2340 cruore
866 2309 1014 2350 respersit,
1031 2319 1084 2346 21,
1100 2310 1151 2347 63.

244 2373 288 2380 —-
305 2356 428 2394 Vorago
445 2355 477 2384 in
494 2355 574 2390 foro,
592 2363 620 2389 7,
638 2356 668 2384 6.

247 2416 290 2424 -
305 2399 378 2428 Vox
401 2399 513 2436 ingens
540 2397 647 2427 audita
671 2406 710 2426 ex
726 2395 844 2426 Albani
868 2395 987 2425 montis
1011 2394 1099 2431 luco,
1119 2403 1148 2431 1,
1165 2403 1215 2433 31.
1240 2392 1373 2424 coelestis
1396 2401 1437 2422 ex

287 2441 415 2473 Albano
431 2447 541 2471 monte
556 2440 659 2479 missa,
677 2439 748 2471 ibid.
774 2448 813 2470 ex
830 2438 918 2469 Arsia
941 2438 1016 2469 silva
1031 2437 1155 2470 silentio
1178 2436 1278 2468 noctis
1293 2436 1390 2474 edita,
1407 2442 1439 2466 et
