1572 2616
230 128 312 175 174

648 136 988 168 ROMANORUM

310 255 360 286 M.
375 255 562 288 TULLIUS
580 257 769 291 *CICERO-
793 260 947 292 Meminit
963 260 1076 292 Cicero
1091 261 1172 293 libro
1188 263 1227 293 de
1243 261 1333 303 Legi-

310 299 372 329 bus
389 301 494 331 tertio.

719 388 845 423 Γ-ὰῆ

811 432 846 461 L.
872 431 1058 462 TULLIUS
1083 432 1132 463 M.
1156 433 1191 463 F.
1206 433 1280 463 *N.
1305 432 1421 463 CICE-

814 484 871 504 no.
915 475 1000 504 Cum
1032 476 1080 505 M.
1108 477 1253 505 Antonio
1280 481 1418 515 procon-

810 517 876 547 sule
893 518 924 547 iu
939 517 1087 547 Ciliciam
1104 519 1146 548 est
1162 518 1332 557 protenus.
1369 518 1422 547 Ci-

809 569 882 590 cero
897 560 978 590 libro
995 561 1027 591 ii.
1041 561 1080 590 de
1096 561 1239 592 Oratore.

227 425 274 456 M.
304 426 491 459 TULLIUS
522 429 568 459 M.
606 430 640 460 F.
671 429 743 461 ’*N.

227 479 373 500 crczno.
412 471 449 501 In
477 472 533 502 filii
559 473 742 503 consulatus

225 512 379 549 petitione
396 515 541 544 moritur.
578 516 687 545 Cicero
703 517 742 546 ad

224 554 372 586 Atticum
389 557 469 587 libro
486 558 506 588 i.
541 558 741 588 Plutarchus.

228 596 380 628 Meminit
395 599 477 630 libro
496 600 534 630 de
550 602 681 631 Oratore
698 602 742 632 se-

227 640 347 670 cundo.
441 683 461 704 ⁴.

1109 603 1121 633 1

807 645 843 675 L.
858 645 1044 675 TULLIUS
1069 645 1103 676 L.
1128 646 1161 676 F.
1180 646 1229 676 M.
1245 645 1289 675 N.
1307 645 1420 676 CICE-

810 696 868 718 RO.
915 688 1069 718 Meminit
1093 688 1204 718 Cicero
1227 688 1282 718 lib.
1306 689 1345 718 de
1369 689 1421 722 Fi-

807 730 904 761 nibus
919 740 951 762 v.
969 737 1001 762 et
1016 731 1239 762 Accusationis
1254 737 1379 770 quarto.

760 861 887 895 roz-a

223 896 275 929 M.
305 898 492 930 TULLIUS
523 899 572 931 M,
603 901 637 932 F.
670 900 717 931 M.
745 901 789 931 N.

228 950 373 973 menno,
398 944 520 980 Augur.
546 943 583 972 ln
606 945 726 974 Bruto:
752 944 790 974 (le

222 983 369 1015 Divinat.
397 985 418 1016 i.
457 985 602 1016 Guaestor
626 988 659 1017 in
683 986 792 1017 Sicilia

223 1027 298 1057 Sex.
346 1028 493 1058 Peduceo
532 1031 671 1068 praetori,
703 1039 791 1059 anno

225 1070 299 1106 678.
333 1071 491 1101 Asconius
514 1072 546 1101 in
570 1073 702 1102 divinat.
736 1072 791 1102 Ci-

219 1119 295 1143 cero
326 1115 394 1153 post
419 1114 557 1145 reditum
585 1115 618 1144 in
645 1116 787 1145 Senatu:

220 1155 256 1184 in
286 1156 453 1186 Pisonem:
486 1167 542 1195 pro
571 1157 724 1188 Plancio:
753 1158 788 1187 in

219 1196 331 1228 Bruto.
379 1199 495 1229 AEdilis
531 1200 663 1236 curulis,
701 1209 788 1230 anno

220 1241 298 1279 684.
328 1241 458 1272 Verrem
474 1242 512 1272 de
533 1243 679 1282 pecuniis
702 1252 790 1282 repe-

219 1285 331 1315 «undis
347 1285 517 1316 accusavit.
562 1285 667 1316 Ludos
690 1287 790 1316 trinos

222 1326 310 1357 fecit.
355 1328 578 1358 Accusationis
605 1329 731 1368 quinto,
759 1335 791 1358 et

224 1378 281 1408 pro
298 1370 456 1401 Muraena.
505 1372 620 1402 Praetor
642 1378 791 1411 repetun-

225 1412 354 1450 darum,
371 1423 457 1444 anno
474 1415 548 1451 687.
592 1414 650 1444 Pro
672 1414 792 1444 Cluen-

227 1456 293 1485 tio:
334 1457 367 1486 in
405 1457 522 1486 Bruto:
564 1457 596 1486 in
633 1457 791 1487 Pisonem.

226 1498 344 1537 Legem
375 1499 547 1529 Maniliam
576 1499 679 1530 suasit.
728 1500 793 1529 Dio

225 1540 282 1571 lib.
300 1542 414 1572 xxxvi.
454 1542 549 1572 Extat
564 1543 663 1572 oratio
679 1551 735 1582 pro
748 1542 793 1572 le-

227 1593 266 1623 ge
291 1584 437 1614 Manilia.
482 1584 671 1615 Cluentium
697 1594 794 1614 vene-

224 1627 306 1663 ficii,
338 1633 369 1657 et
404 1627 592 1658 Cornelium
623 1628 794 1665 majestatis

227 1669 379 1700 defendit.
424 1670 581 1700 Asconius
612 1672 645 1700 in
675 1671 794 1700 Corne-

227 1711 361 1742 lianam.
407 1712 524 1743 Consul
541 1723 618 1743 cum
640 1713 676 1743 C.
692 1714 794 1742 Anto-

228 1755 296 1791 nio,
317 1765 404 1785 anno
420 1757 492 1793 690.
538 1756 684 1794 Agrarias
708 1756 792 1785 Rulli

226 1797 312 1836 leges
336 1798 510 1837 abrogavit,
535 1798 701 1828 Rabirium
727 1808 795 1837 per-

228 1840 400 1871 duellionis
424 1850 514 1870 reum
543 1842 695 1875 defendit,
724 1851 795 1880 pro·

230 1882 418 1922 scriptorum
448 1884 562 1913 liberos
594 1885 794 1922 magistratus

229 1932 333 1965 petere
350 1926 463 1964 vetuit,
480 1926 583 1964 legem
607 1928 645 1956 (le
668 1927 794 1956 ambitu

229 1968 316 2005 tulit,
346 1969 530 1999 Muraenam
560 1978 626 1999 cos.
656 1968 800 2008 designa-

229 2017 301 2040 tum
332 2012 473 2041 ambitus
513 2020 604 2041 reum
643 2011 798 2047 defendit,

861 902 902 932 G.
931 901 1119 932 TULLIUS
1155 901 1201 931 M.
1235 901 1269 932 F.
1297 901 1346 932 M.
1377 900 1423 933 N.

860 954 1004 975 menno.
1029 945 1146 975 AEdilis
1161 944 1292 974 curulis.
1330 944 1424 974 Cice-

857 997 892 1018 ro
909 988 1005 1028 Epist.
1023 988 1062 1017 ad
1081 988 1122 1018 G.
1141 987 1189 1017 Fr.
1206 988 1320 1026 prima.
1365 982 1425 1017 Le-

857 1037 950 1069 gatus
965 1030 1093 1061 Caesaris
1113 1031 1145 1060 in
1162 1030 1278 1061 Gallia.
1321 1029 1426 1060 Caesar

856 1073 914 1103 lib.
941 1073 979 1103 de
1004 1073 1089 1103 bello
1118 1072 1245 1103 Gallico
1270 1082 1301 1103 v.
1329 1079 1361 1102 et
1381 1073 1426 1103 vi.

856 1116 921 1146 Dio
948 1116 992 1146 lib
1019 1116 1136 1146 xxxix.
1180 1115 1309 1151 Praetor,
1337 1123 1427 1145 anno

858 1159 931 1199 691.
977 1159 1086 1189 Asiam
1102 1168 1159 1198 pro
1174 1157 1304 1188 consule
1326 1158 1425 1188 trien-

856 1202 950 1232 nium
978 1201 1128 1231 obtinuit.
1172 1200 1362 1230 Plutarchus
1388 1200 1424 1230 in

856 1243 1020 1274 Cicerone.
1059 1244 1170 1274 Cicero
1185 1243 1225 1273 ad
1242 1243 1283 1273 G.
1301 1243 1350 1272 Fr.
1390 1243 1423 1272 A

855 1287 1045 1317 Triumviris
1081 1286 1271 1325 proscriptus
1300 1284 1426 1315 occisus

856 1331 912 1360 est.
944 1331 1110 1370 Appianus
1126 1329 1182 1360 lib.
1200 1330 1242 1360 iv.
1287 1328 1351 1358 Dio
1366 1327 1424 1359 lib.

858 1372 948 1403 xlvii.

860 1457 902 1488 G.
938 1457 1124 1488 TULLIUS
1163 1457 1204 1487 G.
1235 1456 1270 1487 F.
1302 1455 1349 1486 M.
1381 1454 1427 1487 N.

861 1509 1007 1531 crceno.
1054 1501 1206 1530 Meminit
1234 1500 1344 1529 Cicero
1371 1498 1427 1528 sae-

860 1545 932 1582 pius
963 1543 996 1572 in
1028 1542 1173 1582 Epistolis
1200 1542 1239 1571 ad
1267 1543 1428 1571 Atticum.

860 1587 904 1615 A.
926 1586 1115 1615 Triumviris
1142 1585 1343 1624 proscriptus,
1372 1592 1429 1620 pa-

860 1633 941 1657 trem
970 1627 1148 1664 abscondit,
1177 1636 1236 1657 nec
1265 1626 1338 1656 ullis
1366 1632 1429 1654 tor-

861 1671 979 1700 mentis
995 1671 1065 1709 cogi
1083 1670 1186 1709 potuit
1209 1676 1245 1699 ut
1269 1668 1362 1698 illum
1379 1668 1429 1697 in-

860 1713 978 1743 dicaret
994 1723 1001 1742 :
1028 1714 1113 1752 quod
1128 1721 1230 1751 quum
1248 1717 1334 1750 pater
1349 1711 1427 1739 ferre

860 1765 927 1785 non
964 1756 1073 1795 posset,
1105 1762 1136 1785 et
1167 1755 1196 1784 se
1234 1752 1426 1794 prodidisset,

861 1799 958 1828 ambo
982 1798 1132 1828 interfecti
1158 1797 1239 1827 sunt.
1284 1796 1346 1826 Dio
1369 1795 1426 1825 lib.

861 1840 953 1872 xlvii.
975 1841 1086 1871 Paullo
1101 1840 1191 1870 aliter
1205 1841 1372 1878 Appianus
1389 1838 1427 1866 li·

859 1884 916 1912 bro
933 1885 975 1913 iv.
998 1884 1139 1914 Dionem
1163 1882 1287 1912 secutus
1303 1882 1346 1911 est
1363 1880 1425 1910 Zo-

860 1935 952 1956 naras
968 1927 1001 1956 in
1018 1925 1206 1956 octaviano.

230 2053 402 2084 Catilinam
417 2054 494 2083 urbe
507 2053 609 2090 ejecit,
626 2053 665 2083 de
678 2053 850 2091 conjuratis
866 2052 1061 2093 supplicium
1079 2050 1220 2090 sumpsit,
1240 2059 1349 2080 PATER
1368 2058 1425 2079 PA-

231 2105 323 2126 ‘rmffi
341 2105 359 2126 a
376 2097 497 2126 Catone
514 2096 703 2135 appellatus,
719 2096 773 2134 ipsi
791 2097 895 2134 primo
911 2096 1060 2125 omnium
1077 2094 1321 2133 supplicationes
1336 2099 1426 2130 toga-

233 2145 266 2168 to
281 2139 428 2175 decretae,
445 2147 464 2168 a
480 2139 654 2178 Campanis
671 2148 764 2169 aurea
780 2140 879 2168 statua
896 2138 1032 2167 donatus
1049 2138 1102 2166 est.
1127 2137 1189 2165 Dio
1205 2135 1285 2164 libro
1298 2135 1424 2182 xxxvii.

235 2181 381 2220 Epitorne
397 2182 449 2211 cii.
479 2181 663 2211 Sallustius:
689 2188 720 2211 et
744 2181 855 2210 Cicero
872 2182 903 2210 in
922 2180 1018 2210 Catil.
1034 2181 1064 2208 in
1088 2179 1253 2209 Pisonem:
1282 2179 1313 2206 in
1338 2177 1426 2207 Vati-

235 2224 350 2253 nium:
375 2233 431 2263 pro
457 2224 578 2259 Sextio,
596 2224 725 2262 ubique.
750 2223 902 2258 Gabinio,
921 2223 1030 2252 Pisone
1054 2221 1236 2250 consulibus
1262 2220 1426 2264 rogatione

234 2265 358 2303 Clodia,
375 2266 461 2305 quod
479 2267 680 2296 indemnatos
697 2266 780 2295 cives
796 2264 969 2301 occidisset,
994 2265 1027 2294 in
1051 2264 1196 2293 exsilium
1219 2261 1339 2301 pulsus,
1357 2270 1426 2297 ejus

235 2309 349 2339 domus
367 2309 482 2347 eversa,
499 2309 583 2339 bona
600 2309 655 2339 sub
673 2309 759 2339 hasta
775 2308 922 2338 vendita:
946 2313 1110 2338 revocatus
1126 2305 1273 2342 Lentulo,
1292 2302 1425 2334 Metello
