1572 2616
476 458 769 501 LICINIA
810 457 1012 500 GENS.

152 753 462 808 HACTENUS
494 769 666 807 patricias
695 775 826 819 gentes
857 767 1042 818 persecuti
1068 769 1212 814 sumus,
1232 782 1346 819 quam

151 840 344 889 potuimus
365 835 638 886 diligentiflime
659 851 667 872 :
699 836 806 872 restat
825 841 868 872 ut
888 835 935 873 de
956 835 1113 873 Plebeiis
1141 837 1348 876 videamus.

154 906 293 944 Plebeii
315 917 418 948 vero,
438 904 499 952 qui
522 916 542 940 a
562 904 723 952 patriciis
742 915 818 940 non
842 904 999 953 origiue,
1021 904 1084 941 sed
1112 918 1266 954 genere,
1295 906 1351 943 sa-

155 972 240 1014 cris,
261 969 441 1018 auspiciis,
465 968 667 1004 honoribus
687 967 916 1016 separantur,
935 969 1049 1005 trium
1069 969 1149 1006 fere
1166 983 1352 1020 generum

157 1034 254 1072 sunt.
313 1033 374 1070 Est
392 1033 496 1069 enim
518 1031 649 1069 infima
667 1031 878 1080 plebecula,
899 1045 983 1080 quae
1005 1033 1174 1081 operosas
1194 1042 1232 1071 et
1249 1047 1353 1083 quae-

157 1099 292 1136 stuosas
312 1105 408 1135 artes
426 1105 590 1134 exercet.
651 1098 746 1134 Sunt
764 1099 920 1146 equiteS,
938 1099 1002 1146 qui
1022 1101 1060 1135 in
1080 1099 1248 1137 senatum
1268 1101 1353 1139 lec'ti

159 1176 233 1200 non
254 1163 354 1206 sunt,
375 1162 487 1210 quive
509 1174 611 1199 cDM.
634 1162 701 1198 HS
722 1162 761 1198 in
781 1162 888 1198 bonis
908 1162 1060 1199 habent.
1118 1165 1212 1201 Sunt
1239 1166 1354 1202 etiam

158 1227 316 1270 nobiles,
335 1239 497 1274 quorum
527 1225 702 1275 majores,
723 1226 871 1262 curules
899 1227 1131 1275 magistratus
1154 1229 1271 1266 effent
1291 1230 1356 1266 ad-

159 1293 250 1341 epti.
305 1291 473 1338 Equites,
495 1291 557 1339 qui
590 1289 657 1326 sub
686 1291 836 1339 regibus
865 1291 988 1338 primo
1020 1292 1188 1337 Celeres,
1220 1294 1356 1331 deinde

162 1355 419 1398 Flexumines,
441 1355 563 1403 postea
583 1353 744 1390 Troffnli
774 1354 818 1390 ad
849 1361 997 1392 aetatem
1028 1355 1143 1405 usque
1169 1358 1215 1394 C.
1238 1358 1358 1395 Grac-

161 1420 236 1463 chi,
252 1420 366 1456 Junio
387 1417 609 1454 Gracchano
630 1418 795 1461 auetore,
818 1418 991 1467 appellati
1013 1419 1120 1457 sunt:
1152 1421 1213 1457 alii
1232 1423 1358 1471 publi-

160 1496 207 1519 co
224 1495 322 1531 equo
343 1483 552 1525 merebant,
575 1494 667 1530 quos
688 1482 865 1518 militares
897 1482 1034 1519 Plinius
1054 1482 1116 1520 lib.
1138 1487 1269 1523 xxxiii.
1291 1500 1358 1536 ap-

162 1547 299 1596 pellat:
332 1547 389 1582 alii
412 1547 564 1594 privato.
624 1547 734 1582 Hanc
764 1547 934 1595 equitum
953 1547 1202 1586 differentiam
1224 1558 1362 1600 praeter

164 1611 325 1647 Plinium
361 1611 486 1646 Livius
519 1623 670 1659 quoque
704 1610 766 1647 lib.
789 1611 902 1647 xxvii.
932 1610 1014 1647 satis
1045 1619 1174 1661 aperte
1206 1615 1359 1654 indicat.

165 1675 242 1722 lllis
263 1674 450 1716 omnibus,
473 1674 606 1721 inquit,
631 1676 686 1720 (et
706 1673 816 1710 multi
845 1674 968 1718 erant)
990 1674 1154 1724 adempti
1173 1679 1274 1726 equi,
1296 1679 1361 1728 qui

166 1737 420 1776 Cannensium
450 1737 642 1786 legionum
668 1739 812 1786 equites
840 1739 876 1774 in
908 1739 1028 1775 Sicilia
1050 1748 1178 1777 erant:
1209 1742 1364 1780 addide-

167 1809 254 1843 runt
273 1802 461 1838 acerbitati
479 1801 592 1837 etiarn
613 1810 776 1851 tempus,
798 1815 846 1838 ne
866 1804 1049 1851 praeterita
1071 1805 1248 1853 stipendia
1277 1820 1363 1856 pro-

169 1866 347 1902 cederent
379 1866 419 1901 iis
451 1866 514 1913 qui
544 1878 642 1914 equo
671 1867 822 1914 publico
851 1876 1081 1911 meruerant,
1103 1867 1164 1905 sed
1186 1870 1280 1907 dena
1302 1872 1363 1908 sti-

169 1930 304 1980 pendia
323 1930 426 1977 equis
447 1930 595 1978 privatis
613 1929 790 1967 facerent.
843 1931 920 1967 Qui
937 1944 1035 1979 equo
1054 1933 1208 1980 publico
1228 1935 1366 1984 stipen-

170 1994 228 2029 dia
248 1992 429 2036 facerent,
452 2005 471 2028 a
493 1993 569 2030 Ser.
590 1994 718 2030 Tullio
737 1995 904 2043 primum
934 1995 1085 2032 instituti
1105 1996 1215 2033 sunt:
1248 1998 1365 2047 iisque

171 2056 257 2091 bina
278 2055 391 2091 millia
411 2056 491 2092 aeris
511 2057 555 2092 ad
578 2069 694 2105 equos
723 2057 874 2094 alendos
905 2059 1095 2102 attributa,
1117 2059 1243 2096 Livius
1271 2061 1370 2098 libro

172 2123 294 2170 primo
332 2122 501 2160 ostendit.
560 2124 666 2161 Bello
698 2125 832 2161 deinde
866 2125 1016 2161 Veienti
1051 2127 1110 2171 (ut
1143 2126 1242 2163 idem
1272 2127 1371 2165 libro

173 2185 304 2233 quinto
324 2186 450 2233 tradit)
473 2188 639 2236 primurn
663 2189 767 2237 equis
796 2200 941 2225 merere
971 2189 1113 2237 equites
1142 2198 1366 2239 coeperunt:

175 2248 276 2295 quod
312 2249 360 2285 de
397 2251 545 2299 privatis
582 2253 686 2301 equis
725 2252 1012 2302 intelligendum
1049 2253 1112 2290 est.
1168 2255 1232 2291 Ait
1267 2257 1370 2293 enim

173 2312 288 2364 paulo
307 2319 405 2360 ante,
426 2314 563 2353 Quum
583 2322 738 2366 repente
767 2317 900 2366 quibus
928 2316 1060 2354 census
1089 2319 1259 2367 equester
1277 2326 1370 2364 erat,
