1572 2616
258 160 317 203 34
683 164 1023 195 nouAnonuu

609 377 855 420 JUNIA
910 380 1126 423 GENS.

259 682 535 733 GENTIUM
556 707 700 740 earum,
720 709 806 745 quae
834 709 855 733 a
881 695 1056 746 Trojanis
1074 703 1112 733 et
1132 697 1259 734 AEnea
1279 704 1370 734 ortae
1390 698 1444 733 di-

256 767 408 805 cuntur,
437 760 658 798 nobilissima
685 761 859 798 omnium
886 762 939 798 est
968 762 1093 805 Junia,
1122 774 1142 798 a
1171 761 1287 798 Junio
1306 762 1445 799 AEneae

255 827 410 870 comite,
432 831 474 862 ut
499 824 698 874 Dionysius
718 825 790 862 lib.-
805 832 937 874 quarto
957 825 1094 868 scribit,
1112 826 1161 862 fic
1185 826 1292 863 dieta.
1348 827 1445 863 Haec

254 901 376 938 quum
405 888 443 924 in
471 889 606 925 urbem
634 900 708 925 una
736 901 827 925 cum
857 889 1022 926 Romulo
1050 887 1250 939 migrasset,
1279 889 1389 925 laude
1409 895 1448 925 et

254 951 370 1001 gloria
398 951 532 988 bellica
560 951 627 988 sub
646 953 794 1001 regibus
822 951 963 995 floruit,
985 951 1102 1001 usque
1130 952 1177 988 ad
1206 953 1250 989 L.
1266 953 1443 995 Brutum,

255 1016 320 1065 qui
341 1017 443 1066 regio
463 1016 659 1053 dominatu
678 1016 864 1066 populum
883 1017 1098 1054 Romanum
1118 1016 1300 1060 liberavit,
1322 1014 1446 1052 claris-

257 1079 369 1117 fimus
390 1080 491 1118 idem
511 1087 550 1117 et
568 1081 774 1130 postremus
789 1081 913 1118 Juniae
933 1081 1067 1130 gentis.
1104 1081 1222 1123 Nam,
1242 1087 1284 1116 ut
1300 1080 1446 1128 Diony·-

255 1144 326 1181 fius
347 1145 411 1182 lib.
433 1157 469 1182 v.
489 1145 614 1189 tradit,
636 1146 774 1182 Brutus
802 1145 924 1181 nullos
953 1145 1102 1193 reliquit
1121 1144 1258 1181 liberos
1275 1143 1446 1194 supersti-

257 1215 327 1255 tes,
349 1217 388 1247 et
415 1211 479 1260 qui
509 1211 716 1260 sequuntur
748 1212 869 1255 Bruti,
897 1211 1033 1260 plebeii
1064 1211 1164 1256 sunt,
1186 1223 1261 1247 non
1288 1211 1444 1260 patricii.

257 1273 379 1310 Aliter
395 1279 522 1330 tarnen
539 1272 681 1311 sensisse
694 1274 842 1311 videtur
856 1274 1003 1317 Cicero,
1019 1274 1082 1323 qui
1104 1274 1163 1311 M.
1180 1274 1344 1311 Brutum
1358 1273 1444 1310 Cae·

254 1337 341 1375 saris
361 1339 638 1375 interfectorem
658 1339 700 1375 L.
718 1339 823 1375 Bruti
838 1339 1019 1388 gentilem
1037 1338 1213 1388 appellat,
1233 1337 1446 1374 Tusculana

255 1410 401 1454 quarta,
423 1417 543 1453 quum
573 1404 638 1448 ait,
661 1404 740 1441 Qui
759 1404 831 1440 fuit
863 1404 902 1440 in
935 1403 1041 1440 Italia
1069 1402 1198 1440 iisdem
1215 1405 1444 1453 tempon'bus

254 1469 391 1517 quibus
429 1468 473 1504 L.
511 1468 650 1504 Brutus
679 1467 837 1516 patriam
868 1467 1052 1511 liberavit,
1087 1467 1287 1516 praeclarus
1319 1467 1445 1504 auctor

256 1532 458 1569 nobilitatis
493 1539 594 1568 tuae:
635 1538 674 1568 et
703 1531 909 1580 Philippica
936 1531 1069 1580 prima,
1099 1531 1210 1568 Nihil
1243 1531 1329 1568 dico
1361 1532 1443 1580 quis

254 1596 369 1633 fuerit
399 1596 463 1632 ille
491 1596 643 1640 Brutus,
661 1596 725 1644 qui
745 1601 782 1631 et
801 1595 878 1644 ipse
906 1597 1008 1644 regio
1026 1595 1221 1632 dominatu
1238 1595 1444 1645 rempubli-

253 1671 338 1697 cam
356 1660 527 1696 liberavit
545 1674 553 1696 :
592 1668 630 1696 et
648 1659 693 1695 ad
719 1658 878 1695 similem
900 1659 1091 1702 virtutem,
1110 1666 1149 1695 et
1166 1659 1283 1695 simile
1301 1659 1442 1696 fanum

254 1723 406 1773 stirpem
440 1724 478 1760 in
513 1736 630 1772 prope
662 1722 1002 1772 quingentesimum
1036 1734 1179 1759 annum
1213 1724 1441 1773 propagavit.

252 1787 362 1823 Idem
381 1787 418 1823 in
440 1787 566 1827 Bruto,
589 1787 685 1824 Quis
705 1787 809 1823 enim
828 1793 936 1835 putet
961 1786 1006 1823 L.
1026 1787 1144 1823 Bruto
1163 1786 1216 1822 illi
1243 1785 1442 1823 nobilitatis

252 1851 380 1888 vestrae
401 1851 559 1899 principi
579 1850 759 1887 defuisse?
801 1850 918 1888 Quod
936 1850 1038 1887 idem
1057 1850 1172 1887 etiam
1191 1863 1239 1887 ex
1257 1850 1440 1887 sententia

253 1915 432 1952 Posidonii
462 1914 672 1964 philosophi
702 1916 920 1952 Plutarchus
949 1915 1085 1960 scribit,
1107 1918 1169 1964 qui
1198 1918 1351 1954 tertium
1370 1918 1440 1954 Ju-

252 1980 305 2017 nii
325 1979 432 2016 Bruti
453 1980 575 2016 filium
605 1987 802 2028 expertem
820 1978 1085 2028 conjurationis
1105 1980 1224 2022 fuiffe,
1245 1981 1290 2017 ab
1318 1993 1439 2030 eoque

249 2050 406 2092 gentem
433 2044 455 2079 J
461 2044 584 2079 uniam
611 2049 850 2091 propagatam
870 2043 1027 2079 tradidit.
1085 2043 1303 2080 Graviffima
1331 2045 1439 2081 Cice-

250 2107 350 2143 ronis
370 2106 440 2143 hac
459 2107 496 2142 in
512 2119 552 2142 re
573 2108 685 2144 debet
704 2106 778 2143 effe
798 2107 1016 2150 authoritas,
1038 2119 1173 2156 magna
1201 2108 1316 2144 etiam
1342 2109 1437 2146 Pofi-

249 2171 351 2207 donii
368 2177 407 2207 et
426 2170 642 2213 Plutarchi:
689 2171 856 2220 Dionysii
878 2177 1019 2214 tamen,
1041 2171 1105 2219 qui
1134 2171 1261 2208 multis
1289 2172 1437 2208 senten-

248 2235 340 2271 tiam
371 2234 474 2270 suam
505 2236 747 2283 argumentis,
770 2234 1030 2283 exquisitisque
1065 2236 1267 2272 rationibus
1300 2235 1436 2272 confir-

250 2305 341 2341 mat,
359 2310 445 2334 meo
458 2299 610 2346 quidem
633 2296 791 2347 judicio,
814 2298 872 2334 vel
891 2298 1109 2348 graviffima.
1175 2300 1313 2348 Neque
1333 2301 1435 2336 enim

248 2360 445 2410 quisquam
465 2373 512 2398 ex
529 2361 599 2398 hac
617 2368 745 2411 gente,
764 2373 831 2411 per
857 2373 972 2397 annos
993 2362 1173 2399 ducentos
1193 2363 1271 2411 post
1289 2363 1435 2400 exactos
