1572 2616
207 175 286 220 172
545 179 711 211 murex
744 179 799 208 IN
834 179 879 208 Τ.
905 179 1038 209 L1v11

243 257 370 297 capitur
384 256 587 306 aRornanis,
603 259 655 295 28,
673 259 704 289 6.
727 258 843 290 iterum
865 268 885 290 a
907 259 1063 289 Romanis
1087 266 1118 289 et
1134 260 1244 291 Attalo
1266 270 1391 302 oppug-

244 307 352 339 natur,
367 306 399 330 et
413 306 550 340 eapitur,
566 311 581 339 3
591 311 619 338 1,
632 302 686 341 46.

201 345 286 374 Oreo
300 343 428 374 libertas
444 344 548 380 datur,
568 353 620 383 33,
634 353 686 383 34.

199 386 384 427 Qrgeffum,
401 386 581 424 castellum,
601 396 652 425 31,
666 393 718 423 27.

200 430 407 502 Oricini,Z.6,
425 439 477 470 25.
501 431 534 461 in
551 439 663 460 eorum
678 430 758 471 fines
773 428 910 460 subitam
926 430 1163 470 expeditionem
1180 430 1257 461 facit
1271 430 1391 471 Philip-

244 483 317 512 pus,
334 473 344 502 i
365 472 407 503 id.

199 515 349 551 Oricum,
365 515 536 555 oppidum,
554 525 606 555 24,
623 524 676 554 40.
700 514 740 546 ab
756 515 852 546 Orico
876 515 970 554 legati
994 515 1034 545 ad
1058 515 1106 546 M.
1124 514 1288 546 Valerium
1311 525 1404 556 praer

241 565 346 589 torem
361 558 510 595 veniunt,
526 557 599 589 ibid.
622 559 757 589 Oricum
779 568 799 588 a
819 558 968 598 Philippo
986 565 1131 598 captum,
1147 558 1220 590 ibid.
1242 559 1392 599 recipitur

243 612 263 632 a
278 602 447 638 Romanis,
463 601 535 631 ibid.

198 645 346 684 Origines
362 644 411 675 M.
427 644 571 680 Catonis,
589 653 641 683 34,
659 650 689 684 5.
711 644 779 682 ejus
795 644 897 684 operis
910 644 989 674 liber
1004 645 1150 684 quintus,
1165 651 1221 684 45,
1238 651 1290 684 25.

198 688 341 727 Oringis,
365 688 439 718 urbs
463 687 640 726 Hispaniae,
660 687 770 727 (eadem
786 686 927 728 fortaffiz,
948 698 1016 729 quae
1034 686 1166 725 Aurinx)
1187 693 1391 727 oppugnatur

243 738 275 761 et
291 731 414 770 capitur
431 739 449 760 a
466 731 498 760 L.
515 730 677 770 Scipione,
695 732 747 768 28,
765 741 794 768 3.
817 730 885 769 ejus
901 740 972 770 ager
987 731 1131 770 frugifer:
1155 736 1326 770 argentum
1343 731 1392 760 in·

243 773 324 804 colae
339 774 478 810 fodiunt,
496 773 568 804 ibid.

200 817 339 853 omani,
357 816 459 846 incolae
476 815 560 853 Orci,
579 817 632 853 28,
650 817 680 846 8.

197 859 336 891 Oriundi
351 859 479 890 flumini
495 865 582 889 ortus
597 859 726 889 ducitur
739 868 779 888 ex
795 864 907 890 monte
923 859 1054 896 Scodra,
1071 868 1126 899 44,
1142 868 1196 898 31.

199 903 364 939 Oroanda,
380 903 455 933 urbs
471 902 605 939 Pifidiae,
622 904 675 941 38,
694 909 745 940 37.
761 908 792 932 et
810 911 862 941 39.

198 945 432 980 Oroandenses,
452 947 506 983 38,
526 947 574 976 18.
592 951 623 974 et
642 955 690 985 19.

198 989 365 1020 Oroandes
382 988 536 1018 Cretensis
552 989 671 1027 decipit
685 988 804 1024 Persea,
822 994 876 1027 45,
895 988 926 1018 6.

199 1033 340 1072 Oropus,
357 1031 432 1062 urbs
447 1032 577 1069 Atticae,
603 1032 636 1060 in
661 1041 724 1071 qua
749 1030 988 1070 Amphilochus
1012 1035 1100 1060 vates
1115 1039 1172 1069 pro
1186 1029 1257 1060 Deo
1272 1028 1394 1066 cultus,

291 1097 300 1111 ,
318 1081 368 1111 27.

199 1082 302 1149 offitia
317 1123 347 1147 et
365 1116 487 1154 Corbis,
504 1116 662 1156 patrueles
677 1116 798 1152 fratres,
815 1116 853 1146 de
877 1116 1056 1155 principatu
1080 1115 1216 1145 civitatis
1231 1115 1310 1145 ferro
1326 1124 1393 1145 cer-

241 1167 325 1198 tant,
343 1160 396 1198 28,
413 1169 464 1190 21.

198 1203 381 1234 Orthobula
391 1211 516 1232 veneno
529 1201 611 1233 tollit
626 1202 808 1232 Proxenum
824 1202 992 1238 maritum,
1008 1210 1043 1239 4¹
1054 1223 1063 1237 ‚
1083 1209 1134 1239 30.
1157 1201 1311 1231 damnata
1327 1200 1394 1229 abit

243 1248 277 1276 in
292 1245 454 1282 exsilium,
470 1244 543 1275 ibid.

197 1287 347 1320 Orthofia
363 1288 477 1325 Cariae,
490 1296 547 1327 45,
565 1294 617 1325 25.

198 1334 367 1371 Ortiagon,
382 1331 510 1370 regulus
526 1329 707 1367 Gallorum,
725 1330 778 1368 38,
798 1339 848 1371 19.
871 1329 938 1367 ejus
962 1329 1070 1360 uxoris
1093 1327 1302 1358 memorabile
1317 1328 1395 1358 faei-

246 1385 318 1411 nus,
337 1384 388 1413 24.

199 1418 414 1455 Ortona,urbs
436 1416 562 1453 Latina,
579 1422 784 1455 oppugnatur
801 1415 842 1446 ab
857 1415 987 1454 AEquis,
1005 1426 1036 1452 2,
1052 1423 1106 1454 43.
1128 1420 1345 1454 oppugnatur,
1361 1420 1393 1443 et

245 1470 325 1491 mox
341 1459 502 1499 recipitur,
521 1468 551 1497 3,
571 1467 621 1496 30.
863 1458 866 1461 ”

199 1504 284 1535 Osca
298 1503 421 1542 lingua,
441 1512 492 1538 10,
509 1510 561 1532 20.

199 1547 287 1583 Osci,
306 1554 337 1582 7,
357 1556 386 1577 2.
409 1545 450 1575 ab
466 1544 555 1575 Oscis
571 1542 735 1573 Atellanas
749 1543 874 1574 fabulas
889 1542 1027 1573 Romani
1042 1548 1249 1582 acceperunt,
1264 1541 1336 1571 ibid.

199 1589 336 1620 Oscense
352 1595 534 1627 argentum,
552 1596 606 1626 34,
624 1595 673 1617 10.
689 1593 721 1616 et
734 1587 788 1625 46.
810 1587 984 1625 signatum,
999 1594 1055 1624 40,
1071 1595 1126 1624 43.

200 1632 383 1671 Osphagus,
398 1630 530 1666 fluvius,
548 1638 601 1666 31,
621 1638 672 1668 39.

200 1675 275 1706 Offa
288 1673 510 1704 Macedonum
526 1670 766 1701 interfectorum
780 1670 857 1709 legit
872 1670 1065 1705 Antiochus,
1084 1670 1138 1708 36,
1154 1669 1184 1699 8.

201 1717 288 1753 Ossa,
305 1725 414 1753 mons,
429 1725 484 1755 42,
502 1723 553 1754 54.
577 1723 634 1753 44,
655 1723 704 1751 13.

201 1761 303 1796 offla,
324 1759 411 1794 urbs,
434 1759 469 1787 in
492 1766 545 1787 ore
569 1757 693 1787 Tiberis
714 1755 858 1793 condita,
880 1765 910 1792 1,
929 1763 981 1794 33.
1005 1765 1058 1792 22,
1080 1763 1129 1784 11.
1147 1760 1178 1783 et
1193 1761 1243 1790 27.
1270 1763 1324 1793 23,
1341 1755 1392 1792 38.

247 1810 299 1842 25,
318 1811 368 1832 20.
393 1808 447 1838 27,
465 1809 516 1831 22.
541 1810 595 1839 29,
614 1808 664 1838 14.

201 1846 290 1878 Ostia
313 1844 478 1881 Tiberina,
493 1843 546 1880 26,
569 1852 618 1883 ¹9·
640 1841 737 1872 Ostiae
760 1840 864 1879 laem,
879 1840 953 1881 sive
967 1838 1096 1881 fortqffle
1118 1839 1224 1877 lucus,
1249 1840 1288 1869 de
1311 1837 1394 1868 coelo

245 1888 363 1923 taetus,
381 1894 435 1924 27,
455 1895 505 1916 11.

202 1929 352 1962 Ostiensis
376 1928 487 1968 populi
510 1927 636 1958 vacatio
660 1926 854 1963 observatur,
871 1932 927 1964 27,
945 1927 996 1964 38.
1020 1925 1048 1954 ei
1072 1925 1195 1955 vacatio
1212 1924 1255 1954 rei
1272 1923 1395 1954 navalis

247 1979 393 2012 negatur,
411 1972 465 2010 36,
484 1980 514 2009 3.
1124 1999 1127 2001 .

203 2014 355 2048 Ostiensis
377 2023 461 2053 ager,
479 2014 512 2050 8,
531 2021 580 2044 12.
604 2012 638 2042 in
660 2020 739 2041 eum
763 2010 985 2041 excurfionem
1009 2009 1132 2039 faciunt
1154 2009 1312 2045 Antiates,
1326 2008 1394 2038 vid.

247 2059 405 2089 Antiates.

202 2103 244 2134 T.
260 2101 430 2135 Otacilius,
447 2103 574 2137 praet0r‚
590 2097 695 2126 aedem
717 2096 823 2126 Menti
843 2100 952 2131 vovet,
970 2103 1023 2129 22,
1045 2102 1093 2123 10.
1118 2098 1302 2132 propraetor,
1325 2093 1396 2123 lite-

248 2154 298 2175 ras
313 2143 415 2174 mittit
429 2151 469 2171 ex
484 2139 594 2171 Sicilia
609 2139 648 2169 de
662 2139 781 2168 vastato
796 2138 918 2168 Punica
938 2135 1032 2167 classe
1048 2135 1198 2165 Hieronis
1213 2145 1322 2174 regno,
1342 2137 1394 2175 56.

247 2187 314 2217 vid.
331 2192 358 2216 et
375 2194 428 2223 23,
443 2193 494 2215 21.
518 2182 669 2213 duumvir
692 2181 798 2211 Menti
820 2180 926 2210 aedem
946 2179 1085 2215 dedicat,
1102 2188 1156 2217 23,
1173 2187 1223 2216 31.
1240 2185 1268 2207 et
1286 2188 1336 2216 32.
1360 2179 1394 2207 in

248 2228 395 2260 Siciliam
410 2236 486 2257 cum
504 2225 650 2264 imperio,
668 2224 721 2262 qui
738 2222 822 2253 claffi
846 2222 985 2262 praeess'et
1008 2222 1159 2258 mittitur,
1178 2230 1228 2259 32.
1253 2221 1395 2260 depopu-

248 2272 332 2302 latur
348 2279 460 2309 agrum
474 2267 781 2307 Carthaginiensem,
796 2273 827 2295 et
842 2264 963 2304 aliquot
987 2265 1073 2303 capit
1096 2273 1192 2294 naves
1208 2264 1394 2299 Poenorum,

247 2324 302 2354 41.
325 2323 428 2352 quum
450 2310 561 2341 consul
586 2316 753 2345 crearetur,
772 2308 813 2338 Q.
830 2307 958 2344 Fabius,
981 2307 1049 2344 ejus
1071 2307 1178 2337 uxoris
1201 2306 1392 2342 avunculus,

248 2366 326 2387 eum
341 2362 426 2387 certo
437 2355 509 2393 jam
524 2354 645 2385 honore
664 2352 785 2390 dejicit,
802 2361 855 2390 24,
874 2358 967 2391 7—9.
991 2356 1114 2381 creatur
1134 2356 1248 2389 praetor
1262 2350 1390 2385 iterum,
