1572 2616
210 159 288 214 178
558 171 815 205 INDEx-IN
850 176 1053 206 T0L1V11

259 259 314 324 3t7,
329 263 359 292 9.
379 253 573 293 opprimitur
597 264 616 285 a
637 255 845 296 Poly,xenida
862 256 1018 287 Antiochi
1034 253 1195 295 praefee'to,
1212 261 1265 293 37,
1285 262 1334 284 10.
1355 263 1405 284 11.

256 305 274 325 e
308 305 355 326 12.

210 336 323 368 Pavori
339 345 433 368 vovet
447 340 561 371 fanum
576 339 693 372 Tullus
707 341 874 378 Hostilius,
897 351 926 379 r,
946 349 998 379 27.

213 378 280 410 Pax
296 381 453 418 Caudina,
471 394 503 423 9,
520 390 549 422 5.
567 385 646 413 et6.

198 423 305 462 ‚Pacis
321 425 521 455 conditiones
539 435 615 455 cum
631 426 748 462 Poenis,
767 435 819 464 30,
839 434 890 466 37.
905 432 935 457 et
951 436 1005 466 43.

218 482 262 490 —
277 476 354 497 cum
367 467 526 507 Philippo,
545 478 597 509 29,
619 479 667 500 12.
693 478 745 507 33,
764 478 815 507 30.

197 526 262 538 .—
276 519 354 540 cum
370 510 498 547 AEtolis,
519 512 571 549 38,
587 522 617 551 9.

219 569 263 576 --
277 562 355 582 cum
371 554 548 591 Antiocho,
567 556 621 592 38,
640 555 691 592 38.

216 595 335 625 Pacem
355 603 476 635 petunt,
494 597 549 635 qui
565 605 654 627 erant
672 598 703 627 in
720 597 870 633 induciis,
888 605 918 636 7,
936 600 987 638 38.

217 638 349 675 pecora,
366 640 502 677 pecunia
519 639 590 670 sunt
610 640 775 681 Massylus,
795 651 846 681 29,
862 650 913 679 31.
1156 659 1159 663 -

218 681 337 711 Peeora
352 682 494 712 hostibus
509 682 634 720 objecta
649 692 703 722 per
719 683 857 722 infidias,
876 694 906 720 2,
926 691 976 723 50.
1001 684 1054 719 28,
1073 693 1124 722 33.

219 724 361 755 Pecuarii
378 725 598 762 condemnati,
622 735 667 759 10,
687 736 737 764 23.
751 734 781 756 et
796 734 850 765 47.
867 734 897 756 et
912 736 951 756 ex
965 726 1161 757 mulctaticia
1176 727 1313 766 pecunia
1328 727 1411 756 aedes

265 767 298 796 in
315 767 417 797 insula
434 768 535 798 Fauni
556 768 650 805 facta,
668 779 721 807 33,
739 779 791 809 42.
809 776 839 798 et
855 769 967 808 clypea
990 770 1135 800 inaurata
1150 770 1183 800 in
1199 770 1319 809 fastigio
1336 770 1413 799 aedis

264 810 352 840 Jovis
368 810 479 849 posita,
499 819 551 851 35,
573 821 620 842 10.

223 852 364 882 Pecunia
392 854 513 892 privata
537 854 776 891 conducuntur,
805 863 876 894 quae
903 855 941 884 ad
966 855 1143 885 exercitum
1170 854 1412 894 Hispaniensem

206 896 209 897 ⁷
267 905 348 934 opus
366 896 449 930 sunt,
469 906 521 934 23,
535 907 590 936 49.

224 938 365 968 Pecunia
381 939 590 975 mulflaticia,
607 949 647 969 ex
664 949 728 978 qua
749 939 829 969 faeta
852 941 935 969 aedes
951 940 1110 975 Victoriae,
1133 949 1182 976 10,
1201 950 1252 979 33.
1276 939 1415 969 Liberta-

269 981 322 1017 tis,
337 991 389 1020 24,
411 983 459 1012 16.
485 982 598 1019 Fauni,
617 992 669 1020 33,
688 992 740 1021 42.
767 992 819 1022 34,
835 991 886 1022 53.
912 992 950 1012 ex
968 993 1032 1022 qua
1045 983 1118 1013 faeti
1134 983 1214 1019 ludi,
1235 992 1286 1020 10,
1306 992 1356 1021 23.

223 1024 372 1054 Pecuniae
389 1034 407 1054 a
423 1025 565 1064 privatis,
591 1026 630 1055 ad
655 1025 885 1055 sublevandam
907 1026 1007 1056 aerarii
1031 1026 1188 1065 inopiam,
1206 1025 1344 1063 collatae,
1363 1035 1415 1064 24,

226 1110 265 1140 de
270 1077 420 1140 Pecunia
435 1111 555 1140 incerta
567 1110 634 1140 ludi
650 1112 728 1148 voti,
748 1121 800 1149 31,
819 1122 848 1151 9.

203 1156 206 1159 “
224 1153 374 1183 Pecuniae
392 1154 424 1182 in
440 1153 588 1183 aerarium
604 1153 689 1190 latae,
708 1155 760 1190 28,
781 1163 811 1191 9.
826 1160 853 1182 et
871 1155 922 1191 38.
939 1160 966 1183 et
975 1154 1079 1193 pqffim
1097 1153 1126 1182 in
1143 1153 1307 1192 triumphis.

225 1196 401 1226 Pecuniam
426 1205 465 1225 ex
489 1196 598 1226 aerario
619 1196 728 1226 scribae
749 1197 943 1235 viatoresque
959 1197 1080 1226 aedilitii
1096 1196 1182 1226 clam
1198 1202 1342 1235 egerunt,
1361 1205 1415 1234 30,

272 1248 324 1278 39.
349 1247 404 1277 per
418 1238 560 1269 indicem
576 1240 730 1278 comperti
747 1240 954 1276 damnantur,
971 1239 1043 1270 ibid.

204 1282 207 1284 ”
226 1281 327 1312 Pecus
342 1280 448 1320 quale,
466 1291 519 1311 ver
532 1281 657 1311 sacrum
672 1282 683 1311 ?
710 1291 763 1321 34,
777 1292 830 1321 44.

226 1324 266 1354 T.
282 1325 450 1361 Pedanius,
465 1325 612 1364 princeps
629 1326 751 1364 primus
767 1326 923 1362 centurio,
940 1324 1085 1363 fignifero
1100 1324 1225 1362 {ignum
1242 1323 1367 1359 adimit,
1385 1323 1418 1352 in

273 1367 481 1404 hostesjacit,
499 1374 528 1397 et
546 1368 577 1396 in
594 1369 693 1398 castra
708 1368 883 1398 Poenorum
900 1368 1059 1408 irrumpit,
1078 1374 1131 1406 25,
1152 1376 1201 1406 14.

228 1409 356 1447 Pedasa,
373 1410 447 1439 urbs
463 1410 557 1446 Afiae,
578 1420 630 1449 33,
651 1420 701 1449 30.

228 1452 370 1483 Pedestre
386 1452 526 1489 scutum,
544 1460 575 1490 7,
597 1462 645 1484 10.

226 1495 390 1526 Peditibus
405 1505 466 1526 aera
480 1496 664 1532 constituta,
682 1506 714 1535 4,
734 1504 785 1537 59.

229 1555 273 1562 --
289 1539 321 1568 in
337 1539 509 1578 triumphis
526 1539 659 1569 dabatur
674 1539 713 1569 ab
731 1507 973 1578 in91peratoribus
988 1537 1084 1567 triens
1100 1537 1180 1575 ejus,
1199 1536 1283 1576 quod
1300 1536 1420 1566 divide-

274 1582 368 1611 batur
381 1581 554 1620 equitibus,
567 1591 622 1620 34,
636 1582 688 1620 46
707 1588 737 1611 et
755 1588 806 1621 52.

230 1624 366 1661 Pedum,
379 1624 550 1662 oppidum,
570 1633 599 1660 2,
620 1633 670 1661 39.
695 1631 726 1660 7,
744 1634 792 1654 12.
818 1624 850 1659 8,
871 1632 920 1653 12.
944 1623 1068 1661 capitur
1084 1622 1296 1656 aCoriolano‚
1318 1632 1348 1658 2,
1368 1630 1420 1659 39.

275 1672 478 1705 oppugnatur
491 1673 521 1695 et
538 1667 662 1705 capitur
677 1667 717 1696 ab
731 1667 765 1697 L.
784 1666 878 1696 Furio
891 1665 1043 1702 Camillo,
1060 1664 1200 1702 consule,
1218 1666 1250 1701 8,
1270 1673 1318 1702 13.

233 1710 367 1740 Pedanis
383 1709 495 1738 civitas
511 1709 614 1745 datur,
632 1710 664 1745 8,
684 1718 733 1748 ¹4·

233 1752 417 1791 Pelagonia,
437 1752 489 1787 26,
506 1761 556 1791 25.
581 1761 634 1790 31,
655 1753 705 1782 28.
722 1758 753 1781 et
769 1760 820 1790 39.
843 1758 899 1791 45,
917 1759 969 1789 29.

231 1794 418 1833 Pelagones,
435 1795 558 1833 populi,
575 1804 630 1833 45,
649 1803 699 1832 30.

233 1838 367 1877 Peligni,
386 1837 508 1877 populi,
527 1839 559 1874 8,
576 1838 605 1867 6.
622 1843 652 1867 et
671 1847 722 1877 29.
745 1837 912 1872 deficiunt,
930 1847 962 1876 9,
978 1845 1032 1875 41.
1054 1835 1242 1871 vincuntur,
1259 1834 1330 1864 ibid.
1354 1844 1422 1864 ora-

279 1887 373 1917 tores,
402 1890 515 1919 paeem
542 1886 698 1919 petentes,
724 1880 865 1909 Romam
890 1880 1036 1914 mittunt,
1058 1885 1110 1917 45.
1135 1878 1170 1907 iis
1193 1878 1296 1907 foedus
1320 1877 1424 1914 datur,

279 1923 348 1953 ibid.
367 1924 496 1952 caedunt
512 1932 629 1961 agmen
646 1923 839 1961 fugientium
856 1922 1067 1958 Samnitium,
1085 1929 1134 1956 10,
1154 1930 1205 1958 30.
1221 1920 1424 1950 devastantur

280 1966 320 1995 ab
345 1964 517 2002 Annibale,
537 1976 588 2002 22,
608 1977 636 2005 9.
661 1965 756 1995 multi
780 1964 951 1995 voluntarii
977 1964 1053 1993 dant
1078 1963 1212 1993 nomina
1236 1962 1268 1992 in
1295 1962 1423 1992 classem

281 2009 454 2047 Scipionis,
474 2010 525 2043 28,
542 2016 595 2047 45.

238 2052 369 2090 Peligna
382 2052 509 2085 cohors,
531 2060 582 2090 25,
603 2059 651 2088 14.
675 2060 729 2090 44,
746 2058 798 2089 40.
823 2054 944 2088 pugnat
957 2048 1120 2081 acerrime,
1137 2046 1208 2076 ibid.

239 2094 407 2133 Pelignum
426 2093 561 2128 bellum,
583 2101 611 2129 7,
630 2093 680 2130 38.

240 2137 363 2168 Pelium
381 2136 492 2165 urbem
510 2136 538 2165 vi
554 2136 687 2174 capiunt
703 2133 855 2169 Romani,
875 2143 928 2171 31,
943 2143 997 2172 40.

240 2179 340 2216 Pella,
357 2179 444 2213 urbs,
465 2179 515 2214 26,
533 2184 584 2217 25.
608 2187 662 2216 4,
681 2179 731 2213 67.
756 2175 849 2206 Pellae
869 2176 1015 2205 hibernat
1036 2168 1215 2214 Philippus,
1230 2174 1301 2205 ibid.
1318 2174 1382 2206 vid.
1399 2182 1428 2205 et

287 2229 340 2260 37,
354 2228 382 2258 7.
400 2222 443 2251 ibi
456 2227 546 2250 vetus
562 2221 780 2250 Macedonum
798 2219 892 2256 regia,
910 2228 965 2257 42,
976 2228 1029 2258 41.
1045 2225 1075 2248 et
1093 2224 1143 2257 51.
1159 2226 1214 2256 43,
1231 2227 1281 2256 43.
1307 2217 1426 2248 ibidem

285 2265 466 2294 servabatur
492 2273 571 2302 gaza
597 2272 708 2300 regum
736 2261 950 2299 Macedoniae,
976 2270 1031 2301 44,
1063 2270 1112 2292 10.
1141 2260 1266 2291 deditur
1292 2260 1429 2292 AEmillo

286 2306 409 2342 Paullo,
426 2305 561 2342 consuli,
578 2313 630 2345 45.
654 2304 748 2335 Pellae
764 2304 851 2340 situs,
869 2304 923 2343 46.

242 2349 381 2385 Pellene,
400 2358 448 2386 33,
470 2356 518 2387 15.

242 2391 431 2423 Pellenensis
446 2392 657 2428 Timocrates,
673 2400 725 2429 34,
745 2400 796 2429 29.
