1572 2616
130 249 172 280 AE
191 248 267 279 Lll
301 247 390 278 TU-

133 290 391 323 BERONES.

497 118 730 150 PLEBEIAE
767 114 984 145 GENTES·
1253 105 1325 146 141

881 193 917 224 *1

477 243 519 274 Q.
535 241 676 274 AELIUS
696 241 736 270 Θ.
755 239 789 269 F.
807 238 840 268 P.
856 238 898 268 N.
914 232 1103 267 TUBERO.
1138 230 1239 261 Hune
1256 228 1323 258 vita

477 293 509 317 et
525 287 667 316 oratione
690 284 822 318 durum,
846 280 1024 315 incultum,
1039 275 1207 307 horridum
1222 271 1324 309 fuiffe,

477 339 616 368 eamque
629 328 670 358 ob
687 327 815 357 causam
833 323 1008 354 honoribus
1021 322 1149 351 suorum
1161 316 1324 354 majorum

480 372 665 413 respondere
681 379 747 400 non
764 366 909 408 potuisse,
923 366 1034 396 Cicero
1049 364 1088 393 de
1104 361 1196 392 claris
1213 359 1326 405 Orato-

480 417 565 446 ribus
597 415 715 445 scribit.
761 413 901 451 Apparet
931 418 1005 448 ergo
1034 405 1253 445 Pomponium
1280 410 1325 439 Jc.

479 469 584 498 quum
613 467 677 488 σος.
712 455 919 486 Tuberonem
956 450 1044 482 suiffe
1081 449 1187 482 tradit,
1220 453 1327 476 rerum

480 503 576 533 Rom.
597 503 645 541 (ut
660 499 813 530 leviffime
829 495 949 534 dicam)
967 494 1090 524 inscitia
1110 491 1236 530 lapsum
1256 486 1328 518 effe.

479 546 624 576 Tamum
642 544 729 573 enim
747 542 830 571 abest
849 548 882 570 ut
899 537 1010 569 consul
1025 536 1120 567 fuerit
1133 533 1276 568 Tubero,
1291 535 1331 561 ut

481 598 522 618 ne
538 588 671 627 quidem
688 592 860 626 praeturam
878 583 914 612 sit
927 582 1071 620 adeptus.
1110 579 1225 609 Quum
1240 574 1332 605 enim

483 632 516 661 in
539 630 636 670 epulo
659 630 700 659 Θ.
719 627 870 659 Maximi,
893 623 1053 665 pelliculis
1075 621 1211 652 haedinis
1233 617 1333 649 Puni-

483 684 581 704 canos
594 672 726 702 leetulos
741 669 901 706 stravisset,
917 676 947 698 et
962 667 1033 697 vasa
1049 665 1158 696 Samia
1172 660 1334 702 exposuis-

483 718 540 754 set,
567 716 702 755 graviter
725 714 796 744 tulit
822 712 960 753 populus
982 711 1067 740 hanc
1091 706 1267 748 perversam
1288 703 1335 733 sa-

484 761 641 800 pientiam
674 758 865 788 Tuberonis,
910 756 1021 793 ltaque
1052 760 1156 792 quum
1193 749 1269 780 effet
1297 747 1336 777 L.

484 803 586 834 Paulli
604 811 716 842 nepos,
736 802 768 832 P.
786 799 928 829 Africani
954 797 1062 827 sororis
1080 794 1177 830 filius,
1195 797 1334 832 praetura

486 845 626 884 dejeaus
642 846 698 880 est,
715 852 751 874 ut
768 844 880 873 Cicero
904 843 935 871 in
962 838 1165 871 Muraeniana
1184 836 1312 866 testatur
1327 845 1334 862 ι

486 897 517 920 et
533 889 678 919 Valerius
694 888 749 917 lib.
768 887 820 916 vii.
840 894 869 925 5.
904 927 916 956 Ι

490 975 523 1004 L.
553 973 694 1004 AELIUS
721 973 762 1002 Q.
792 972 826 1001 F.
853 970 894 1000 Q.
918 969 961 999 N.
984 966 1172 999 TUBERO.
1219 963 1341 995 Graecis

491 1025 521 1047 et
546 1017 666 1047 Latinis
691 1016 788 1045 literis
811 1012 1049 1048 eruditissimus,
1066 1008 1342 1049 antiquitatisque,

491 1067 522 1091 et
539 1061 570 1090 in
589 1060 726 1089 inventis
754 1057 846 1087 rebus
870 1064 900 1086 et
925 1057 957 1085 in
982 1055 1072 1091 affis,
1088 1052 1343 1092 scriptorumque

491 1110 636 1133 veterum
654 1102 776 1132 literate
792 1101 909 1140 peritus
932 1098 1062 1128 habitus
1081 1097 1134 1127 est.
1180 1095 1293 1125 Cicero
1310 1093 1343 1122 in

492 1147 600 1177 Bruto.

496 1232 531 1262 L.
549 1231 690 1262 AELIUS
708 1230 742 1260 L.
760 1229 794 1259 F.
813 1228 855 1259 G.
872 1228 915 1258 N.
929 1225 1118 1257 TUBERO.
1142 1225 1260 1256 Praetor
1275 1222 1346 1253 Ibe-

496 1276 577 1305 riam
601 1274 802 1314 provinciam
825 1271 977 1302 obtinuit.
1011 1269 1201 1300 Plutarchus
1226 1267 1259 1297 in
1276 1266 1346 1296 Cae·

497 1318 572 1348 sare.

500 1404 534 1434 L.
551 1402 693 1433 AELIUS
709 1402 742 1432 L.
761 1401 795 1431 F.
812 1401 847 1431 L.
863 1400 908 1430 N.
922 1398 1113 1429 TUBERO.
1151 1397 1286 1436 Legatus
1305 1396 1347 1427 Q.

501 1446 647 1477 Ciceroni
665 1446 697 1475 in
714 1444 798 1475 Asia.
823 1444 934 1474 Cicero
949 1442 1029 1472 libro
1046 1442 1085 1471 ad
1104 1441 1144 1471 G.
1164 1441 1212 1470 Fr.
1229 1440 1348 1480 primo,

501 1497 532 1520 et
550 1499 606 1529 pro
623 1489 764 1519 Plancio.
811 1486 922 1522 Hunc,
936 1494 1038 1525 quum
1057 1485 1088 1514 in
1107 1484 1247 1514 Africam
1264 1482 1350 1512 bello

501 1533 587 1563 civili
604 1532 814 1570 Pompeiano,
833 1538 910 1560 cum
927 1528 1062 1568 imperio
1079 1526 1189 1558 miffus
1204 1536 1223 1556 a
1239 1526 1350 1555 senatu

502 1576 588 1609 esset,
611 1582 643 1606 et
670 1575 803 1604 Uticam
828 1572 969 1608 venisset,
992 1570 1104 1601 Aetius
1128 1570 1230 1600 Varus
1257 1575 1350 1609 portu

502 1626 599 1658 atque
614 1618 732 1657 oppido
748 1616 924 1657 prohibuit,
941 1623 1047 1653 neque
1062 1612 1213 1644 affeRum
1230 1611 1354 1641 valetu-

503 1663 578 1692 dine
604 1661 709 1692 filium
732 1668 892 1698 exponere
914 1659 947 1689 in
969 1664 1087 1688 terram
1113 1655 1214 1696 paffus
1230 1656 1286 1691 est,
1302 1654 1353 1684 sed

504 1704 635 1735 sublatis
651 1703 800 1733 anchoris
821 1701 972 1732 excedere
989 1710 1027 1730 eo
1042 1700 1116 1730 loco
1131 1700 1245 1739 coegit.
1285 1698 1354 1728 Cae-

507 1749 552 1778 sar
567 1747 623 1777 lib.
641 1747 679 1777 de
693 1745 779 1776 bello
795 1744 880 1775 civili
898 1745 918 1775 i.
942 1744 1056 1774 Cicero
1074 1752 1129 1782 pro
1146 1742 1187 1772 Θ.
1207 1742 1339 1780 Ligario.

511 1832 713 1863 Q.AEL1U5
741 1831 775 1861 L.
800 1830 833 1860 F.
860 1830 892 1860 Lv
918 1830 961 1859 N.
983 1827 1172 1858 TUBERO.
1206 1828 1248 1858 9.
1267 1828 1356 1866 Liga-

510 1877 594 1906 rium
619 1875 703 1915 apud
726 1873 882 1905 Caesarem
906 1871 1091 1902 difiatorem
1115 1871 1287 1907 accusavit,
1305 1871 1358 1899 de-

510 1919 660 1949 fendente
675 1918 838 1948 Cicerone.
873 1917 901 1946 A
919 1914 1018 1945 causis
1033 1915 1164 1953 agendis
1186 1915 1225 1944 ad
1244 1913 1297 1951 jus
1313 1914 1358 1943 ci—

512 1961 574 1991 vile
599 1962 628 1992 se
651 1960 798 1991 contulit.
847 1959 1043 1999 Pomponius
1062 1958 1100 1988 de
1117 1958 1246 1997 Origine
1265 1956 1357 1994 juris.

511 2005 624 2035 Cicero
641 2013 697 2044 pro
716 2003 757 2034 Θ.
774 2003 906 2042 Ligario.

516 2092 558 2121 Q,
583 2089 725 2121 AELlUS
753 2089 794 2119 O.
824 2089 856 2118 F.
884 2088 918 2117 L.
944 2087 986 2116 N.
1006 2086 1194 2116 TUBERO.
1241 2084 1359 2115 Consul

516 2143 592 2164 cum
609 2132 721 2164 Paullo
739 2132 847 2167 Fabio,
865 2139 950 2160 anno
969 2138 1040 2169 742.
1064 2129 1271 2160 Cassiodorus.
1297 2128 1360 2158 Dio

515 2177 571 2207 lib.
588 2176 642 2207 liv.
666 2176 786 2207 Plinius
800 2175 855 2204 lib.
873 2175 937 2204 viii.
953 2182 1025 2212 cap.
1044 2180 1072 2210 7.
1270 2176 1274 2180 ⁴
