1572 2616
239 208 324 249 242
584 211 750 240 INDEX
783 212 840 241 IN
873 212 919 242 Τ.
945 213 1079 244 Ltvu

238 287 496 329 Supplicationes
508 288 550 319 ob
566 288 690 321 bellum
706 290 854 332 Philippo
868 293 1046 331 decretum,
1064 303 1118 333 31,
1135 294 1165 325 8.
1182 300 1213 326 et
1226 306 1257 337 9.

237 348 282 355 —
297 332 339 362 ob
355 331 522 362 victoriam
535 332 574 362 de
587 332 688 364 Gallis
703 342 910 374 reportatam,
926 346 941 375 3
951 346 976 371 1,
995 347 1047 368 22.

237 390 283 398 ——-
297 375 339 404 ob
358 375 554 415 prodigium,
572 385 625 414 32,
647 386 674 407 1.
690 383 722 406 et
738 386 770 416 9.
794 384 846 418 35,
864 389 917 409 21.

236 433 282 441 —
296 418 338 448 ob
354 428 402 449 res
413 419 495 448 bene
511 419 610 457 gestas
625 420 658 449 in
675 420 781 450 Gallia
793 422 825 450 in
842 422 1066 461 quatriduum,
1085 431 1137 460 32,
1154 432 1207 461 31.

237 476 282 484 --
296 460 338 491 ob
353 471 401 492 res
413 462 445 491 in
461 460 621 492 Thefl'alia
634 463 717 492 bene
729 464 840 501 gestas,
858 465 891 494 in
908 465 974 495 dies
990 465 1146 505 quinque,
1164 475 1216 505 33,
1235 476 1286 506 24.

235 520 282 528 —
296 503 338 534 ob
354 514 402 535 res
423 503 506 535 bene
528 506 627 544 gestas
642 505 677 536 in
701 505 856 546 Hispania
871 508 906 538 in
930 507 1088 546 triduum,
1104 518 1157 549 34,
1176 519 1227 541 21.
1250 508 1316 540 vid.
1332 515 1361 539 e!
1377 517 1431 548 34,

236 556 338 621 —40213
354 596 445 622 terrae
461 597 582 627 motus,
601 600 655 632 34,
674 598 726 632 55.

236 649 282 656 —-
296 633 338 664 ob
355 643 401 665 res
412 634 495 664 bene
510 635 609 673 gestas
624 635 771 666 adversus
787 635 1003 673 Antiochum,
1022 638 1076 676 36,
1095 647 1147 668 21.

237 693 282 699 -
297 676 331 706 in
348 678 493 708 triduum
508 678 542 707 in
558 678 712 708 omnibus
727 680 893 719 compitis,
911 680 964 718 38,
982 681 1034 718 36.

237 733 283 743 ·—-
297 729 354 760 pro
369 720 553 751 valetudine
565 721 676 761 populi
693 723 726 752 in
742 722 900 759 triduum,
915 723 969 762 38,
982 731 1036 763 44.

237 778 283 786 -
298 764 514 803 prodigiorum
532 764 650 801 caussa,
668 774 722 803 39,
741 766 792 805 56.
816 776 871 805 40,
890 775 918 797 2.

238 822 284 829 —
299 807 384 837 circa
400 807 511 837 omnia
524 807 704 847 pulvinaria
720 808 752 837 in
766 808 853 839 diem
869 817 988 845 unum,
1004 817 1060 848 40,
1081 817 1131 850 19.
1151 815 1183 839 et
1199 809 1251 841 28.

198 868 208 875 .
238 849 332 879 —in
348 850 500 886 biduum,
517 860 572 890 40,
591 857 642 888 37.

238 908 283 915 —
297 892 339 922 ob
356 892 568 932 pestilentiam
584 895 616 922 in
634 902 738 923 unum
754 893 855 930 diem,
867 903 922 933 41,
943 895 994 924 26.

239 950 284 958 -
298 935 340 965 ob
355 935 519 966 devictum
533 936 695 972 Perseum,
710 943 766 976 45,
782 947 811 968 2.
828 943 860 967 et
876 937 1048 976 Gentium,
1067 946 1097 976 3.

239 977 537 1018 Supplicationibus
553 979 630 1008 ordo
645 981 793 1017 statutus,
810 986 840 1016 7,
853 981 904 1010 28.

238 1021 434 1061 Supplicum
451 1022 585 1062 insignia
602 1022 730 1059 Infulae,
743 1022 947 1059 Velamenta,
964 1022 1061 1054 Rami
1075 1021 1165 1057 oleae,
1182 1023 1282 1054 Vestis
1298 1023 1433 1062 sordida,

284 1075 316 1102 2,
331 1074 382 1104 39.
408 1075 460 1105 24,
481 1075 531 1105 30.
556 1072 609 1106 25,
629 1075 680 1106 25.
706 1076 759 1106 29,
780 1067 829 1097 16.
855 1073 908 1106 37,
935 1067 986 1097 28.
1011 1075 1066 1107 44,
1094 1076 1143 1107 19.
1166 1073 1222 1108 45,
1248 1075 1300 1107 25.
1323 1066 1393 1098 vid.
1407 1073 1436 1097 et

285 1115 338 1147 35,
350 1118 401 1148 34·

239 1152 273 1181 P.
291 1152 384 1187 Sura,
400 1152 536 1191 legatus,
553 1161 608 1190 22,
626 1161 677 1190 31.

240 1195 391 1230 Surenas,
410 1196 476 1224 dux
494 1195 698 1232 Parthorum,
716 1195 799 1234 Epit.
821 1195 891 1225 106.

239 1238 417 1268 Surrentini
433 1237 544 1277 populi
561 1238 716 1268 deficiunt
733 1239 772 1268 ad
790 1238 918 1273 Poenos,
937 1247 989 1274 22,
1009 1238 1060 1268 61.

239 1281 302 1311 Sus
318 1281 486 1311 mansueta
500 1281 594 1310 variis
611 1281 829 1311 condimentis
852 1280 1042 1310 adfimulata
1064 1279 1173 1310 ferinae
1190 1280 1292 1316 carni,
1310 1286 1363 1320 35,
1379 1289 1434 1321 49.

240 1324 338 1354 Susus
352 1323 590 1361 Phalasarneus,
608 1324 673 1354 dux
690 1323 890 1354 Cretensium
905 1324 937 1353 in
955 1324 1097 1354 exercitu
1113 1323 1225 1359 Persei,
1242 1333 1297 1362 42,
1316 1332 1368 1362 5¹.

240 1367 375 1403 Sutrini,
391 1367 465 1397 socii
482 1367 720 1404 Romanorum,
738 1369 769 1405 6,
789 1378 819 1407 3.
849 1367 884 1396 de
905 1366 1043 1407 obsidione
1066 1377 1161 1396 eorum
1182 1365 1263 1395 urbis
1285 1366 1352 1397 vid.
1376 1366 1436 1397 Su·

284 1411 396 1440 trium.

240 1453 391 1484 Sutrinus
406 1462 490 1492 ager,
507 1454 560 1488 26,
580 1462 631 1492 34.

242 1497 402 1533 Sutrium,
417 1496 587 1535 oppidum,
606 1495 766 1526 obsidetur
785 1501 816 1525 et
839 1494 965 1534 capitur
980 1504 999 1525 a
1012 1494 1137 1531 Tuscis,
1152 1495 1185 1532 6,
1205 1503 1234 1533 3.
1256 1494 1405 1535 recipitur
1418 1504 1438 1526 a

284 1539 439 1576 Camillo,
457 1538 527 1568 ibid.
553 1538 713 1568 obsidetur
737 1538 778 1568 ab
796 1539 944 1574 Etruscis,
962 1548 991 1576 9.
1016 1537 1179 1574 liberatur,
1194 1537 1267 1568 ibid.
1278 1538 1437 1575 Sutrium,

282 1582 460 1613 claustrum
477 1582 623 1618 Etruriae,
639 1582 679 1611 ab
708 1581 845 1611 Etruscis
871 1587 1110 1620 oppugnatum,
1125 1592 1157 1620 9,
1176 1589 1228 1618 32.
1252 1587 1280 1611 et
1302 1587 1353 1621 35.
1369 1581 1437 1613 vid.

284 1632 313 1655 et
332 1635 383 1661 10,
405 1634 453 1664 14.
478 1630 573 1663 negat
601 1623 786 1654 consulibus
811 1623 929 1654 milites
951 1631 982 1653 et
995 1623 1181 1663 pecuniam,
1195 1631 1247 1660 27,
1265 1632 1296 1661 9.
1319 1624 1358 1654 de
1374 1625 1436 1654 hac

286 1677 319 1698 re
334 1666 659 1703 senatusconsultum,
678 1676 730 1705 29,
752 1676 802 1706 15.

243 1711 430 1752 Sycurium,
444 1710 518 1740 urbs
534 1710 592 1739 sub
606 1710 764 1740 radicibus
779 1708 876 1746 Offae,
892 1718 949 1749 42,
965 1715 1016 1749 54.
1034 1708 1086 1749 56.
1103 1716 1155 1748 57.
1173 1709 1225 1739 62.
1242 1714 1273 1738 et
1288 1709 1342 1748 64.

243 1754 391 1795 Syleum‚
408 1753 496 1788 urbs,
514 1753 567 1790 38,
588 1762 637 1792 14.

244 1796 353 1838 Syllus
367 1795 530 1832 Gnoffius,
544 1796 611 1826 dux
628 1794 830 1826 Cretensium
845 1795 879 1825 in
894 1794 1037 1825 exercitu
1051 1793 1164 1831 Persei,
1182 1803 1238 1834 42,
1256 1800 1308 1835 51.

244 1839 342 1882 Sylva
357 1839 443 1876 Asia,
461 1849 494 1876 2,
515 1846 542 1876 7.

244 1882 457 1918 -Ciminia,
477 1893 506 1922 9,
524 1881 577 1920 36.

243 1943 289 1952 --
303 1926 428 1961 Litana,
445 1934 497 1963 23,
517 1933 568 1963 24.
594 1934 646 1964 34,
664 1933 716 1955 22.

247 1987 293 1994 —-
308 1967 433 2004 Maefia,
454 1976 482 2003 ι,
503 1976 553 2005 33.

246 2030 291 2037 -
305 2010 479 2046 Malitiosa‚
497 2019 527 2046 1,
545 2019 596 2048 30.

247 2071 292 2080 ——
306 2054 418 2090 Pieria,
436 2061 491 2092 44,
506 2061 561 2090 43.

247 2098 406 2140 Sylvanus
421 2105 461 2126 ex
478 2095 564 2136 sylva
577 2093 664 2125 Arfia
678 2094 844 2134 ingentem
858 2102 974 2124 vocem
986 2093 1087 2124 noffls
1102 2092 1225 2124 silentio
1237 2093 1364 2126 edidiffe
1376 2103 1443 2126 cre.

292 2142 389 2176 ditur,
408 2150 440 2175 2,
456 2145 485 2174 7.

247 2184 387 2225 Sylvius,
404 2181 531 2212 Ascanii
555 2179 650 2213 filius,
666 2178 822 2210 secundus
845 2178 938 2209 Albae
961 2188 1028 2216 rex,
1049 2188 1078 2216 1,
1096 2188 1126 2218 3.
1149 2179 1222 2210 casu
1244 2179 1387 2220 quodam
1405 2180 1439 2211 in

295 2226 387 2267 sylvis
404 2230 512 2262 natus,
529 2223 599 2253 ibid.

250 2270 378 2310 Sylvius
391 2267 524 2303 AEneas,
537 2265 646 2296 tertius
663 2263 754 2295 Albae
770 2273 836 2300 rex,
855 2262 927 2294 ibid.

252 2312 378 2352 Sylvius
396 2310 538 2345 Latinus,
554 2314 685 2349 quartus
699 2306 791 2337 Albae
808 2315 874 2343 rex,
892 2306 963 2336 ibid.

252 2354 378 2395 Sylvius
395 2352 567 2389 Romulus,
580 2351 717 2382 fulmine
734 2349 826 2385 ictus,
840 2349 911 2378 ibid.

252 2397 391 2438 Sylvius,
408 2404 591 2434 cognomen
606 2392 757 2424 omnium
773 2391 975 2423 Albanorum
991 2401 1116 2433 regum,
1129 2391 1200 2424 ibid.

252 2440 415 2482 Synnada,
434 2439 520 2474 urbs,
536 2439 589 2476 38,
607 2444 655 2477 15.
678 2442 733 2476 45,
753 2445 804 2474 34.
