1572 2616
439 181 814 212 msa-ominum
850 181 1054 211 Ltssrtos.
1260 171 1340 229 165

144 264 267 296 Numae
284 263 434 304 Pompilii
449 269 481 293 et
505 262 652 300 cadaver,
669 268 700 293 et
715 261 787 293 libri
804 261 860 293 sub
875 261 1028 293 Janieulo
1053 262 1086 293 in
1109 262 1236 295 duabus
1260 264 1343 296 arcis

187 308 321 348 lapideis
337 307 471 343 inventi,
488 316 543 346 40,
560 317 612 347 29.
637 313 824 337 cremantur
838 306 925 344 libri,
943 305 1016 338 ibid.

142 350 258 383 Numa
274 352 430 387 Marcius,
447 350 513 380 vid.
531 350 687 380 Marcius.

144 395 340 431 Numantia,
354 393 472 424 obsessa
487 403 506 424 a
521 394 672 433 Scipione
687 393 855 433 Africano,
872 393 961 434 Epit.
977 401 1031 434 57.

143 438 321 469 Numerius
335 438 505 468 Decimius
521 438 664 474 Samnis,
682 448 736 475 22,
756 447 809 477 24.

142 482 321 512 Numerius
340 482 466 517 Fabius,
482 480 549 511 vid.
567 481 695 511 Fabius.

143 525 324 563 Numerus,
340 525 510 555 inventum
529 525 700 563 Minervae,
719 530 751 562 7,
770 533 800 563 3.

144 569 334 605 Numicius,
350 568 488 604 flumen,
507 577 534 604 1,
553 578 583 598 2.

145 611 180 642 L.
198 611 374 642 Numicius
404 611 603 648 Circeienfis‚
633 617 748 650 praetor
775 610 978 648 Latinorum,
1005 609 1148 641 Romam
1177 617 1344 651 evocatus,

188 655 220 692 8,
238 664 268 694 3.

141 698 186 729 T.
199 698 375 729 Numicius
391 698 526 731 Priscus,
543 696 668 735 consul,
684 696 831 728 adversus
849 696 980 728 Volscos
1001 697 1225 738 proficiscitur,
1243 710 1276 736 2,
1294 699 1348 739 63.

186 741 269 771 bene
285 752 352 772 rem
368 743 460 781 gerit,
478 741 550 771 ibid.

144 784 364 816 Numidarum
381 786 530 825 equitum
547 784 667 815 auxilia
687 782 911 823 adjunguntur
925 782 1094 814 Asdrubali
1117 784 1151 814 in
1177 784 1347 825 Hispania,

191 839 245 867 21,
263 839 314 865 22.
338 829 560 859 Numidarum
585 828 838 868 quingentorum
855 827 894 857 de
909 826 1082 857 Annibalis
1097 829 1239 858 exercitu
1264 839 1351 869 proe-

190 872 273 902 lium
291 872 436 902 adversus
457 878 616 902 trecentos
641 872 764 911 equites
788 871 967 908 Romanos,
986 881 1038 912 29.
1061 871 1096 900 de
1111 871 1265 912 Numidis,
1281 872 1350 904 vid.

191 916 336 955 Syphax,
356 915 530 953 Masinissa,
546 915 693 954 Micipsa,
709 915 881 954 Jugurtha.

148 958 303 989 Numidae
320 959 461 998 primum
480 960 512 988 in
528 959 636 989 Africa
651 960 799 998 equitum
822 968 938 997 genus,
954 968 1006 998 29,
1025 967 1076 998 34.
1093 957 1160 988 vid.
1177 965 1206 988 et
1222 968 1276 998 24,
1293 959 1349 998 48.

190 1002 327 1032 liberant
350 1002 529 1032 exercitum
553 1002 756 1040 Romanurn,
775 1009 828 1042 35,
847 1011 898 1032 11.
920 1011 1034 1032 eorum
1055 1011 1280 1042 equorumque
1295 1004 1351 1033 de-

190 1045 331 1084 scriptio,
349 1045 421 1075 ibid.

147 1088 304 1119 Numidae
315 1088 523 1126 jaculatores,
542 1089 594 1124 28,
615 1097 627 1117 1
638 1098 666 1118 1.

147 1132 303 1163 Numidae
321 1139 395 1161 ante
417 1141 532 1161 omnes
553 1131 705 1161 barbaros
727 1130 815 1161 effusi
833 1131 864 1161 in
883 1130 1055 1168 Venerem,
1075 1142 1128 1171 29,
1146 1142 1199 1170 32.
1224 1141 1278 1170 30,
1299 1142 1352 1165 12.

191 1185 287 1215 vagas
303 1176 436 1206 trahunt
452 1175 581 1213 domos,
600 1185 652 1215 29,
672 1184 724 1213 31.
749 1184 844 1205 carne
861 1183 898 1204 ac
915 1173 995 1204 laete
1012 1175 1194 1212 vescuntur,
1212 1175 1284 1207 ibid.

150 1219 193 1250 Θ.
208 1219 420 1249 Numidicus:
438 1219 482 1249 ita
498 1218 749 1258 cognominatus
764 1218 806 1249 Q.
823 1217 973 1249 Caecilius
987 1218 1152 1249 Metellus.
1177 1219 1248 1251 Vid.
1265 1220 1352 1261 Epir.

191 1262 244 1294 ὃς.

147 1305 331 1341 Numisius,
347 1305 520 1345 imperator
535 1304 735 1338 Latinorum,
754 1306 786 1340 8,
808 1315 818 1335 r
830 1314 858 1335 1.

149 1349 187 1380 C.
203 1349 372 1379 Numisius
389 1355 515 1379 creatur
530 1355 657 1388 praetor,
674 1354 705 1377 et
719 1348 845 1378 sortitur
860 1347 1018 1384 Siciliam,
1035 1357 1091 1388 41,
1112 1358 1162 1380 12.

147 1393 189 1422 T.
203 1392 372 1422 Numisius
385 1391 640 1430 Tarquiniensis,
653 1391 776 1430 legatus
791 1392 825 1421 in
842 1391 1084 1429 Macedoniam,
1101 1401 1154 1432 45,
1177 1400 1226 1429 17.

148 1435 187 1466 ad
202 1435 447 1466 Numistronem
463 1435 511 1465 M.
528 1434 703 1465 Marcellus
720 1436 817 1465 castra
833 1435 936 1474 ponit,
956 1441 1010 1472 27,
1027 1444 1056 1464 2.

150 1479 317 1514 Numitor,
334 1478 419 1509 filius
436 1478 539 1515 major
554 1478 674 1515 Procae,
691 1477 783 1508 Albae
799 1478 892 1518 regis,
914 1487 944 1516 1,
963 1487 993 1517 3.
1017 1477 1144 1518 pellitur
1159 1478 1200 1508 ab
1216 1478 1352 1510 Amulio

194 1522 299 1559 fratre,
317 1521 391 1553 ibid.
413 1522 597 1558 restituitur,
617 1529 647 1561 5.

151 1566 185 1596 L.
202 1565 421 1601 Numitorius,
439 1565 587 1595 tribunus
603 1563 718 1603 plebis,
738 1573 769 1601 2,
787 1564 838 1604 58.

150 1609 183 1640 P.
201 1609 379 1640 Numitorii
395 1618 473 1639 cum
491 1608 596 1647 Appio
611 1607 794 1638 decemviro
811 1608 990 1645 contentio,
1009 1617 1040 1646 3,
1057 1617 1110 1648 45.
1135 1608 1169 1638 in
1186 1608 1351 1639 Aventino

195 1652 342 1683 tribunus
358 1651 460 1692 plebis
476 1659 612 1688 creatur,
628 1661 679 1691 54.

152 1695 320 1726 Nummus
339 1696 557 1735 quadrigatus,
576 1705 629 1732 22,
648 1702 700 1735 52.

152 1739 332 1775 Nundinae‚
352 1746 381 1776 7,
402 1747 452 1779 15.

153 1781 195 1811 ob
211 1782 350 1821 Nuptias
364 1782 495 1821 virginis
511 1782 592 1811 inter
607 1780 758 1811 Ardeates
774 1778 899 1810 bellum
916 1779 1116 1817 intestinum,
1133 1790 1167 1820 4,
1185 1790 1215 1820 9.

154 1823 286 1855 Nursini
302 1824 494 1864 pollicentur
506 1824 648 1864 Scipioni
667 1823 797 1859 milites,
816 1825 868 1859 28,
886 1829 939 1863 45.

155 1867 380 1907 Nymphaeum
397 1869 428 1897 in
446 1867 645 1907 Apolloniati
661 1876 750 1906 agro,
766 1877 821 1906 42,
840 1867 892 1905 36.
914 1875 968 1904 49.
984 1872 1015 1896 et
1034 1875 1086 1906 53.

155 1911 358 1951 Nymphius,
381 1911 528 1951 princeps
553 1909 733 1951 Palaepolis,
749 1911 781 1948 8,
799 1918 850 1950 25.
866 1909 981 1940 urbem
997 1909 1091 1940 tradit
1114 1909 1284 1950 Romanis,
1300 1912 1353 1943 26.
1393 1946 1396 1949 Δ

742 2078 782 2108 Ο.

160 2195 399 2250 OAENEUM,
414 2213 566 2244 Penestiae
582 2213 754 2253 oppidum,
770 2223 826 2254 43,
843 2224 895 2247 ιι.

160 2255 304 2286 Obrimae
319 2256 434 2293 fontes,
452 2258 506 2295 38,
528 2264 576 2296 15.

159 2298 345 2329 obsecratio
361 2300 394 2328 in
407 2309 512 2330 unum
528 2300 615 2330 diem
633 2300 754 2340 populo
770 2299 901 2338 indiaa,
918 2310 951 2340 3,
970 2303 1021 2340 63.
1049 2302 1099 2338 26,
1119 2311 1171 2340 23.

160 2341 344 2372 obsecratio
360 2351 378 2371 a
395 2342 527 2382 popul0,
543 2344 760 2382 praeeuntibus
775 2344 967 2380 duumviris,
984 2343 1078 2383 faSQa,
1094 2355 1126 2385 4,
1145 2355 1160 2377 ι
1171 2354 1195 2375 1.

160 2384 344 2415 Obsecratio
360 2386 444 2415 circa
460 2386 571 2416 omnia
586 2386 776 2426 pulvinaria,
792 2396 845 2426 31,
862 2389 892 2420 8.
909 2393 940 2417 et
958 2398 987 2429 9.

162 2427 305 2466 Obsides,
323 2428 395 2459 fidei
409 2429 539 2469 pignus,
554 2439 610 2469 42,
625 2438 676 2468 39.
