1572 2616
217 135 295 176 118
559 147 723 176 INDEx
758 147 811 175 IN
847 147 892 175 T.
917 147 1050 176 L1v11

211 227 245 257 L.
262 226 366 257 Julius
383 225 482 263 Iulus,
499 227 648 257 tribunus
664 225 807 256 militum
824 226 980 256 consulari
997 226 1162 266 potestate,
1179 226 1212 263 6,
1225 235 1259 266 4.

211 271 245 300 L.
261 269 366 300 Julius
383 270 566 309 Sequestris,
583 269 615 299 in
635 269 770 299 Sabinos
783 269 998 309 proficiscens,
1016 268 1153 299 fulmine
1170 269 1234 309 ipse
1248 275 1280 299 et
1291 278 1393 309 equue

253 313 495 348 exanimantur,
517 322 571 352 33,
591 314 640 343 26.

211 356 299 386 Proc.
316 355 420 386 Julius
443 356 594 392 affirmat,
613 354 668 385 fibi
692 354 796 385 visum
816 354 877 385 esse
899 354 1092 389 Romulum,
1109 356 1176 394 post
1198 360 1337 385 mortem
1360 355 1393 384 in

253 399 340 429 Deos
357 398 506 434 relatum,
529 409 557 435 ι,
580 400 629 428 16.

210 442 298 472 Sext.
313 441 419 472 Julius
436 441 538 477 Iulus,
556 441 703 471 tribunus
719 439 862 470 militum
877 439 1032 470 consulari
1048 441 1213 480 potestate,
1229 449 1262 478 4,
1280 447 1331 480 35.

209 485 299 516 Sext.
323 484 428 514 Julius
453 484 555 514 Caesar
578 490 692 524 praetor
717 490 853 520 creatur,
878 491 931 521 27,
951 493 1000 514 21.
1018 484 1142 514 sortitur
1165 483 1323 520 Siciliam,
1343 493 1395 515 22.

253 527 386 566 legatus,
406 537 457 567 29.

210 571 285 602 Sex.
301 570 406 601 Julius
422 570 538 606 Caesar,
556 568 702 599 tribunus
719 568 875 605 rnilitum,
891 578 946 608 40,
964 576 1014 606 27.
1030 568 1165 607 legatus,
1181 577 1237 608 43,
1254 569 1285 600 6.

210 614 314 650 Iulus,
331 614 445 644 AEneae
461 619 491 642 et
507 613 631 642 Creiisae
648 612 745 649 filius,
761 611 976 642 auetorJuliae
991 612 1107 650 gentis,
1127 622 1158 650 1,
1175 622 1207 650 3.

208 658 365 687 Jumenta
391 655 514 695 singula
539 655 678 695 oppidis,
696 665 750 695 per
776 664 849 695 quae
875 655 970 694 legati
996 655 1136 685 Romani
1160 659 1289 695 repente
1312 653 1396 685 miffi

253 699 442 736 tranfibant,
459 700 627 738 imperata,
643 708 699 737 42,
720 708 749 728 1.

208 743 307 773 Junia
323 744 452 779 domus,
472 753 502 778 2,
521 749 550 782 5.
567 751 609 772 ex
625 751 662 771 ea
678 740 862 772 consulatus
883 747 983 778 ortus,
1000 739 1073 772 ibid.

211 787 246 817 C.
263 787 380 816 Junius
404 784 570 815 Bubulcus
593 784 705 815 consul
729 790 866 821 creatur,
883 793 915 822 9,
935 793 986 815 20.
1002 782 1179 814 secundum
1201 782 1325 820 consul,
1343 784 1398 814 28.

253 829 387 859 di&at0r
410 835 546 866 creatur,
564 839 615 868 29.
637 828 767 857 tertium
795 827 919 864 consul,
937 836 987 865 30.
1010 827 1158 865 magister
1179 827 1326 865 equitum
1349 826 1397 856 di-

256 872 339 910 ctus,
359 872 409 910 38.
425 871 549 908 censor,
566 881 620 911 43.
635 871 740 900 aedem
763 869 894 906 Salutis,
911 879 1009 908 quam
1033 869 1143 899 consul
1159 869 1244 899 bello
1267 869 1397 899 Samni-

254 916 339 945 tium
361 921 504 952 voverat,
520 914 618 951 locat,
637 913 708 942 ibid.
726 913 766 943 ab
786 922 824 942 eo
839 914 899 942 viae
916 923 970 952 per
992 922 1082 951 agros
1098 911 1228 952 publica
1252 912 1396 952 impensa

252 958 358 994 fareiae,
376 957 447 987 ibid.
464 957 624 987 tumultus
647 956 753 986 eauffa
774 955 907 986 difflator
929 962 1065 993 creatur,
1083 965 1134 993 10,
1151 965 1179 985 1.
1197 956 1301 994 primo
1317 964 1396 984 con-

255 1001 354 1041 greffu
370 1001 497 1040 AEquos
518 1000 646 1039 subigit,
663 999 734 1029 ibid.
752 1000 942 1039 triumphat,
958 998 1029 1029 ibid.
1046 999 1151 1029 aedem
1167 998 1285 1029 Salutis
1309 998 1396 1028 dedi-

258 1051 324 1080 cat,
340 1044 415 1073 ibid.

212 1087 255 1117 D.
272 1088 387 1117 Junius
403 1087 530 1123 Brutus,
547 1085 695 1125 magister
710 1086 871 1124 equitum,
889 1085 922 1121 8,
943 1094 992 1116 12.
1008 1083 1134 1122 consul,
1153 1093 1204 1122 29.

211 1131 255 1161 D.
270 1131 387 1160 Junius
403 1131 518 1159 Brutus
533 1130 655 1165 Scaeva,
668 1128 791 1167 legatus
814 1128 943 1159 Carvilii
966 1127 1118 1164 consulis,
1137 1137 1188 1162 10,
1202 1135 1256 1166 43.
1271 1124 1396 1162 consul,

255 1181 436 1212 47.munus
446 1171 671 1211 gladiatorium
681 1181 737 1210 pro
747 1178 833 1210 patre
843 1170 993 1200 defuneto
1001 1171 1122 1209 primus
1131 1169 1241 1206 edidit,
1251 1169 1334 1208 Epit.
1346 1169 1396 1199 16.

211 1217 254 1246 D.
270 1217 399 1253 Junius,
417 1214 601 1255 praepositus
616 1214 655 1243 ad
672 1215 788 1243 ostium
804 1213 968 1249 Vulturni,
987 1221 1039 1252 25,
1058 1222 1109 1243 22.

210 1260 253 1289 D.
270 1260 387 1289 Junius
403 1259 532 1293 Brutus,
549 1257 697 1287 triumvir
710 1256 847 1286 coloniae
862 1256 1059 1286 deducendae
1074 1260 1210 1292 creatur,
1230 1263 1282 1293 34,
1298 1261 1352 1294 45.

211 1303 255 1333 D.
271 1303 387 1332 Junius
402 1301 518 1331 Brutus
532 1300 678 1330 adversus
694 1299 851 1329 Gallaecos
867 1305 1002 1338 pugnat,
1021 1298 1105 1338 Epit.
1120 1299 1171 1338 56.

211 1346 254 1375 D.
270 1346 389 1376 Junius
402 1344 542 1380 Silanus,
559 1343 643 1382 Epit.
660 1350 711 1382 54.

210 1389 252 1419 D.
272 1390 387 1419 Brutus
400 1397 418 1418 a
432 1387 563 1426 Capeno
575 1386 726 1424 Sequano
741 1385 946 1421 interimitur,
964 1383 1048 1424 Epit.
1068 1393 1078 1413 1
1088 1392 1138 1413 20.

213 1433 248 1462 L.
264 1432 394 1468 Junius,
409 1430 598 1469 Tarquinia,
615 1429 716 1458 sorore
729 1428 784 1469 fiu
806 1427 912 1463 amita,
934 1426 1101 1465 Tarquinii
1125 1424 1273 1464 Superbi,
1289 1430 1397 1461 natus,

255 1475 344 1505 Bruti
360 1474 448 1504 haud
463 1473 577 1503 abnuit
590 1480 787 1510 cognomen,
807 1480 835 1506 1,
853 1471 904 1509 56.
919 1469 1063 1509 Delphos
1078 1467 1188 1499 missus
1210 1476 1286 1498 cum
1305 1468 1399 1505 juve-

254 1519 351 1548 nibus
371 1516 567 1555 Tarquiniis,
585 1514 744 1544 baculum
765 1522 898 1543 aureum
921 1511 1066 1552 Apollini
1090 1512 1194 1548 offert,
1212 1517 1244 1541 et
1264 1510 1398 1540 Terram

257 1568 395 1591 matrem
411 1558 583 1594 osculatur,
601 1557 672 1586 ibid.
689 1566 769 1586 cum
791 1555 952 1585 Collatino
973 1555 1014 1584 ad
1030 1555 1212 1585 Lucretiam
1227 1553 1327 1589 venit,
1346 1553 1396 1592 58.

258 1605 376 1633 ducem
394 1603 421 1631 se
437 1601 557 1641 praebet
571 1600 610 1629 ad
626 1599 881 1639 expugnandum
902 1607 1051 1635 regnum,
1069 1603 1121 1637 59.
1137 1605 1240 1635 quum
1257 1595 1329 1625 effet
1345 1596 1400 1625 tri-

258 1647 367 1676 bunus
382 1644 544 1679 Celerum,
561 1642 633 1672 ibid.
650 1641 760 1672 consul
783 1647 918 1676 creatur,
936 1641 987 1670 60.
1010 1640 1157 1669 senatum
1179 1639 1218 1668 ad
1242 1644 1400 1668 trecento-

258 1698 332 1719 rum
348 1688 511 1718 summam
526 1685 646 1725 explet,
664 1695 695 1721 2,
716 1695 743 1714 1.
756 1682 962 1721 jurejurando
978 1682 1135 1723 populum
1150 1680 1326 1720 adstringit,
1343 1690 1398 1711 ne-

258 1732 385 1762 minem
401 1731 516 1760 Romae
532 1737 661 1767 regnare
676 1727 827 1767 passuros,
846 1737 874 1757 2.
898 1726 1116 1764 Tarquinium
1130 1723 1329 1754 Collatinum
1345 1733 1399 1754 co-

258 1776 302 1814 git
325 1773 494 1804 consulatu
510 1772 539 1802 se
555 1771 716 1807 abdicare,
732 1776 763 1800 et
778 1771 906 1800 civitate
929 1769 1052 1805 cedere,
1070 1767 1141 1798 ibid.
1157 1765 1304 1807 supplicii
1320 1766 1400 1797 libe-

259 1827 369 1848 rorum
391 1817 522 1847 suorum
543 1814 683 1851 aanor,
702 1823 732 1853 5.
748 1813 816 1850 ejus
838 1822 947 1851 pugna
964 1821 1042 1842 cum
1063 1812 1188 1841 Arunte
1208 1809 1397 1849 Tarquinio,

259 1867 291 1890 et
303 1869 402 1896 mors,
421 1861 449 1888 6.
467 1860 565 1888 funus
589 1858 615 1887 ei
641 1867 660 1887 a
675 1856 798 1895 collega
820 1855 946 1885 Valerio
963 1854 1096 1890 fal-Itum,
1114 1861 1146 1891 7.
1159 1862 1216 1893 per
1238 1862 1362 1883 annum
1380 1861 1399 1883 a

259 1903 415 1933 matronis
429 1902 568 1940 lugetur,
586 1900 657 1929 ibid.

218 1947 254 1978 L.
269 1946 399 1981 lunius,
414 1944 536 1983 legatus
553 1944 585 1973 in
604 1941 850 1977 Macedoniam,
865 1948 920 1980 45,
940 1947 990 1977 17.

216 1991 251 2020 L.
269 1989 384 2018 Brutus
401 1987 457 2017 fibi
474 1992 613 2016 mortem
629 1985 806 2020 consciscit,
820 1984 903 2024 Epit.
918 1985 970 2021 89.

217 2033 266 2062 Μ.
283 2032 398 2061 Junius
422 2031 550 2065 Brutus,
573 2028 721 2058 tribunus
745 2026 859 2066 plebis,
878 2035 929 2066 34,
952 2035 979 2055 1.
1002 2029 1108 2055 tuetur
1129 2022 1234 2062 legem
1256 2021 1399 2061 Oppiam

261 2075 300 2104 de
324 2074 414 2104 cultu
437 2079 672 2108 matronarum,
690 2070 760 2100 ibid.
777 2075 901 2099 creatur
922 2073 1049 2107 praetor,
1065 2073 1118 2105 35,
1143 2075 1194 2105 24.
1218 2064 1247 2095 ei
1270 2065 1401 2095 obvenit

258 2116 432 2155 jurisdictio
454 2122 601 2154 utraque,
621 2116 672 2152 36,
692 2124 719 2143 2.
735 2113 862 2142 dedicat
882 2112 987 2141 aedem
1007 2110 1120 2139 Matris
1143 2116 1270 2147 magnae
1293 2108 1401 2145 ldaeae,

263 2161 315 2199 36.
342 2159 476 2198 legatus,
504 2165 556 2196 37,
575 2163 625 2195 55.
649 2155 773 2191 consul,
788 2164 844 2194 40,
862 2161 913 2194 59.
942 2163 982 2183 ex
1009 2152 1172 2191 Liguribus
1195 2152 1229 2182 in
1257 2150 1398 2180 Galliam

262 2202 384 2238 transit,
408 2211 463 2241 41,
489 2212 519 2239 9.
547 2199 614 2236 ejus
641 2209 686 2228 res
712 2199 805 2237 gestae
826 2199 858 2227 in
883 2197 981 2233 Istria,
1009 2205 1059 2234 14.
1082 2201 1113 2225 et
1143 2201 1192 2235 15.
1218 2194 1340 2234 legatus
1365 2194 1399 2224 in

262 2245 386 2281 Atiam,
402 2254 456 2283 42,
474 2251 526 2283 45.
545 2243 621 2281 petit
634 2241 813 2277 censuram,
829 2250 884 2279 43,
905 2241 953 2269 16.

220 2289 270 2318 M.
288 2288 402 2317 Brutus
419 2297 437 2317 a
454 2287 513 2316 Cn.
529 2285 681 2324 Pompeio
695 2284 862 2319 occiditur,
881 2282 964 2321 Epit.
982 2290 1034 2321 90.

220 2331 270 2362 M.
287 2331 402 2360 Brutus
425 2330 535 2360 absens
557 2329 743 2364 damnatur,
767 2326 850 2366 Epit.
878 2335 947 2357 120.
972 2332 1089 2355 manus
1116 2322 1171 2353 sibi
1202 2322 1266 2362 ipse
1294 2321 1398 2356 infert,

265 2373 348 2413 Epit.
370 2382 440 2411 124.
