1572 2616
591 148 878 179 PRAEFATIO.
1298 146 1327 194 5

129 235 283 287 Trojani
302 237 391 275 belli
411 237 595 287 reliquiae,
611 250 702 276 curn
717 238 883 276 Romulo
897 237 936 274 in
947 238 1082 276 urbem
1102 239 1324 288 migrarunt.

132 301 238 339 Hinc
258 302 400 340 facturn
428 302 494 346 est,
516 308 559 338 ut
586 302 843 339 Romanarum
864 302 1050 352 gentium,
1070 302 1326 352 Aboriginum

132 365 213 402 aliae
231 365 314 411 fint,
335 366 417 402 aliae
435 359 625 415 Trojanas.
667 367 922 415 Aboriginum
940 371 1084 415 gentes,
1106 378 1191 415 quae
1211 378 1232 403 a
1251 366 1329 415 pri-

134 430 206 466 mis
223 429 341 467 Italiae
361 430 522 479 populis,
540 443 635 480 quos
661 431 828 468 Arcades
856 429 964 468 fuisse
992 430 1193 480 Dionysius
1217 429 1327 466 testa-

130 501 205 539 tur,
227 495 411 544 originem
431 496 600 533 ducunt:
632 508 791 545 quarum
821 509 899 546 prae
930 497 1073 533 caeteris
1101 497 1208 534 clarae
1225 504 1264 534 et
1282 497 1328 534 il-

129 557 259 595 lustres
276 558 396 603 fuere,
416 559 541 604 Fabia,
565 561 745 605 Antonia,
766 561 913 605 Potitia,
934 561 1121 598 Mamilia.
1153 558 1329 609 Trojanae

126 635 230 668 verO,
251 637 336 673 quae
356 626 540 675 originem
558 625 663 663 suam
691 626 738 663 ad
766 625 930 676 Phryges
950 632 989 662 et
1007 626 1147 663 AEneae
1167 626 1324 662 comites

127 691 309 737 referunt,
346 698 390 729 ut
422 692 548 736 Junia,
584 692 739 736 Nautia,
770 691 937 736 Aimilia,
977 692 1117 741 Sergia,
1158 691 1325 729 Caecilia.

131 757 267 795 Ascitis
299 758 434 795 deinde
462 771 483 795 a
510 757 676 796 Romulo
707 758 754 794 ad
782 758 888 807 regni
913 757 1130 794 societatem
1146 769 1221 795 una
1241 769 1333 795 cum

127 820 239 858 Tatio
269 833 358 871 rege
380 822 534 865 Sabinis,
557 834 648 858 cum
674 821 829 859 devictis
857 833 1009 871 quoque
1037 821 1184 870 populis
1212 821 1331 858 victor

127 884 315 923 Romulus
346 886 537 924 civitatem
567 887 778 937 largiretur,
803 887 931 924 civitas
962 893 1046 924 tum
1074 887 1217 932 multis,
1245 893 1332 924 tum

127 950 236 986 variis
253 949 306 986 est
325 950 430 987 aneta
448 951 601 987 civibus.
638 950 802 988 Acceffit
818 951 956 988 Tullus
978 951 1176 997 Hostilius,
1196 951 1331 989 tertius

129 1014 391 1052 Romanorum
410 1026 492 1059 rex,
508 1016 586 1063 qui,
599 1014 725 1052 eversa
740 1022 779 1052 et
790 1015 911 1052 diruta
931 1015 1041 1060 Alba,
1064 1016 1202 1053 multas
1221 1015 1333 1053 fami-

126 1078 194 1115 lias
214 1079 378 1117 Romam
395 1079 582 1116 traduxit:
614 1091 774 1128 quarum
798 1079 1011 1118 illustriores
1040 1080 1241 1130 Dionysius
1263 1091 1332 1116 no-

128 1143 245 1180 minat
274 1142 430 1186 Juliam,
461 1142 669 1186 Serviliam,
704 1142 930 1192 Geganiam‚
958 1143 1166 1187 Metiliam,
1196 1144 1332 1180 Curia-

127 1209 234 1253 tiam,
265 1207 526 1247 Quinfflliam·
581 1208 719 1245 Multis
747 1208 884 1245 exactis
911 1207 1060 1257 regibus
1088 1208 1218 1253 Italiae,
1245 1221 1335 1246 mu-

127 1271 286 1321 nicipiis,
316 1283 402 1321 quae
433 1273 471 1308 in
499 1271 575 1308 fide
603 1271 734 1321 populi
760 1272 924 1309 Romani
955 1271 1183 1317 manfiffent,
1206 1273 1334 1311 civitas

127 1334 179 1372 est
199 1334 297 1379 data,
320 1334 519 1380 Fundanis,
536 1335 757 1379 Formianis,
775 1336 988 1380 Acerranis,
1000 1335 1238 1380 Tusculanis,
1255 1336 1334 1372 Ar·
1355 1337 1359 1339 ’

127 1401 314 1451 pinatibus
331 1416 339 1437 e
372 1402 486 1450 idque
505 1401 623 1451 usque
643 1401 688 1438 ad
708 1402 854 1438 bellum
869 1401 1003 1439 sociale
1018 1401 1177 1447 duraffe,
1200 1401 1332 1439 aueor

127 1466 181 1504 est
200 1465 370 1503 Velleius
390 1466 606 1504 Paterculus
626 1481 634 1504 ε
666 1479 785 1516 quum
812 1467 984 1505 universa
1008 1467 1088 1505 fere
1113 1469 1222 1506 Italia
1240 1467 1335 1505 civi·

126 1535 245 1567 tatem
274 1541 364 1567 cum
396 1529 572 1581 suffragio
599 1531 755 1580 accepit.
812 1531 918 1568 Hinc
949 1531 1222 1574 Coruncanios,
1242 1530 1336 1568 hine

127 1592 277 1637 Cun'os,
312 1593 513 1639 Fabricios,
546 1595 709 1639 Porcios,
740 1595 953 1644 Pompeios,
981 1595 1140 1640 Marios,
1168 1594 1334 1638 Tulli08‚

126 1654 295 1694 summos
314 1657 562 1708 magistratus,
579 1658 893 1705 ampliffimosque
913 1659 1075 1692 honores
1096 1653 1334 1699 consecutos,

125 1725 301 1754 veterum
321 1722 569 1753 monumenta
587 1716 776 1753 testantur.
808 1717 998 1755 Postremo
1013 1717 1059 1754 ad
1074 1722 1221 1754 exteras
1236 1729 1332 1766 quo-

125 1793 200 1830 que
220 1787 350 1830 gentes
369 1781 526 1818 civitatis
545 1779 774 1817 beneficium
796 1780 1015 1818 transsatum
1035 1781 1100 1819 est.
1156 1781 1262 1819 Nam
1289 1787 1329 1819 et

126 1845 350 1883 Cornelium
367 1845 532 1882 Balbum
553 1843 780 1893 Hispanum,
803 1846 952 1882 civitate
972 1858 992 1882 a
1012 1845 1193 1894 Pompeio
1210 1845 1329 1883 dona-

129 1916 229 1954 tum,
249 1909 442 1946 consulem
463 1909 603 1946 fastum
633 1909 794 1946 constat:
825 1917 864 1946 et
882 1911 921 1947 P.
942 1909 1167 1947 Ventidium
1186 1909 1288 1946 bello
1307 1921 1329 1946 a

128 1974 310 2022 Pompeio
327 1981 494 2022 captum,
516 1979 555 2010 et
572 1974 610 2009 in
629 1973 824 2022 triumpho
842 1973 1014 2017 ductum,
1035 1974 1161 2010 virum
1188 1979 1328 2022 praeto-

127 2037 229 2075 rium
245 2045 285 2075 et
303 2037 551 2080 consularem,
573 2037 620 2074 de
647 2037 788 2074 Parthis
811 2038 979 2086 primum
998 2038 1171 2074 omniurn
1190 2038 1325 2074 trium-

128 2101 255 2152 phaffe
274 2103 499 2151 accepimus.
532 2102 621 2140 Qua
640 2102 686 2139 de
706 2115 746 2138 re
763 2103 802 2138 in
816 2102 1020 2139 undecimo
1032 2100 1132 2151 apud
1145 2101 1326 2139 Tacitum

130 2165 311 2202 Claudius
337 2166 476 2210 Caesar,
497 2167 561 2204 ubi
582 2167 629 2203 de
648 2167 788 2205 AEduis
815 2167 853 2203 in
881 2167 1072 2204 civitatem
1101 2165 1325 2214 recipiendis

129 2230 217 2280 agit,
247 2229 293 2266 fic
323 2230 512 2279 loquitur:
544 2229 714 2280 Majores
747 2232 839 2275 mei,
869 2232 1002 2281 inquit,
1031 2242 1194 2279 quorum
1228 2230 1324 2266 anti-

130 2292 323 2341 quiffimus
342 2294 498 2331 Clausus
526 2296 668 2346 origine
689 2296 834 2339 Sabina,
853 2295 962 2333 fimul
983 2295 1020 2331 in
1039 2295 1228 2332 civitatem
1247 2294 1327 2330 Ro-

133 2371 294 2407 manam,
314 2366 353 2398 et
371 2361 410 2398 in
428 2360 585 2399 familias
611 2362 852 2412 patriciorum
881 2360 1012 2400 ascitus
1039 2361 1105 2407 est,
1126 2360 1322 2400 hortantur
