1572 2616
437 139 694 169 PATRICIAE
731 139 950 168 GENTES.
1215 136 1290 179 107

93 217 127 247 in
165 217 300 248 Numa:
344 224 376 248 et
420 218 540 249 Consul
564 229 643 250 cum
663 220 703 250 Q.
749 218 808 248 bus
837 218 961 257 primo:
992 217 1047 248 ubi
1075 218 1234 248 mendum
1262 219 1295 248 in

94 260 236 291 Velleius
263 261 318 291 lib.
342 262 374 292 ii.
420 261 535 300 Caffio,

95 303 214 334 Censor
236 314 313 334 cum
332 305 374 334 Q.
421 306 496 345 589.
541 305 703 336 Caffiodo-

421 358 484 379 rus.

95 345 223 382 Fulvio,
289 357 376 377 anno

97 398 171 429 522.
194 390 312 420 Consul
332 401 375 427 11,

95 442 183 462 anno
201 440 274 474 529.
303 433 375 464 Cas-

95 474 248 506 fiodorus.
283 477 375 516 Poly-

95 519 168 548 bius
183 519 238 549 lib.
257 519 290 549 ii.
319 520 376 550 Di-

94 560 195 591 &ator
227 563 375 593 comitio-

93 613 166 634 rum
209 605 375 635 habendo-

93 656 167 677 rum
189 648 295 686 causa,
318 658 376 678 an-

94 699 137 720 no
155 699 229 731 545.
267 671 377 723 L'iviut

95 732 154 765 lib.
166 734 266 765 xxvii.

617 272 704 293 anno
749 262 950 300 praenomine
978 262 1033 291 est.
1080 261 1180 291 Hunc
1210 262 1295 291 Juris

747 305 850 334 civilis
873 312 903 334 et
923 304 1083 334 sacrorum
1102 304 1294 343 pontificali·

747 357 804 378 urn
823 347 1060 386 peritiffimum,
1080 347 1223 378 Valerius
1239 347 1294 378 lib.

746 400 777 420 v.
796 392 826 421 8.
841 391 992 430 appellat.
1010 434 1024 463 Ι

742 477 784 506 Τ.
816 476 1015 506 MANLIUS
1045 476 1086 507 T.
1118 477 1153 507 F.
1180 477 1221 506 A.
1249 475 1294 508 N.

744 529 972 555 TORQUATUS·
1013 520 1141 551 Praeior.
1183 520 1295 550 Mace-

743 563 875 592 doniam
915 563 1116 601 provinciam
1154 562 1293 600 sortitus,

742 615 816 635 eam
848 605 1004 645 spoliavit,
1032 606 1132 636 socios
1163 607 1294 637 vexavit

741 656 773 679 et
789 649 931 688 diripuit.
977 648 1155 679 Accusatus
1178 658 1197 679 a
1221 649 1295 679 Ma-

743 693 906 722 cedonum
918 692 1042 730 legatis,
1057 692 1096 722 Τ.
1112 698 1200 731 pater
1215 701 1294 723 cau-

744 735 810 764 sam
834 735 920 775 apud
937 734 966 764 se
990 735 1092 764 dicere
1111 734 1220 772 juffit:
1247 744 1295 766 re-

744 788 807 817 que
831 788 871 807 ex
894 784 1028 816 utraque
1056 784 1143 817 parte
1169 778 1292 816 audita,

745 821 972 860 pronunciavit
989 830 1055 850 non
1080 821 1178 851 talem
1194 822 1294 852 videri

745 864 835 894 fuisse
864 864 897 893 in
923 864 1058 903 imperio
1087 863 1197 903 quales
1224 864 1294 903 ejus

745 907 882 944 majores
911 907 1052 944 fuissent,
1088 912 1121 937 et
1151 908 1184 937 in
1214 916 1294 938 con-

745 949 889 989 speftum
919 950 1014 980 suum
1042 951 1151 980 venire
1179 951 1294 983 vetuit.

747 993 858 1022 Cicero
874 993 913 1022 de
930 993 1061 1023 Finibus
1077 993 1192 1033 primo.
1230 994 1294 1025 Va-

744 1035 840 1067 lerius
854 1035 910 1067 lib.
927 1045 956 1066 v.
974 1036 1005 1067 8,
