<?xml version="1.0" encoding="UTF-8"?>
<!DOCTYPE html PUBLIC "-//W3C//DTD XHTML 1.0 Transitional//EN"
    "http://www.w3.org/TR/xhtml1/DTD/xhtml1-transitional.dtd">
<html xmlns="http://www.w3.org/1999/xhtml" xml:lang="en" lang="en">
 <head>
  <title>
</title>
<meta http-equiv="Content-Type" content="text/html;charset=utf-8" />
  <meta name='ocr-system' content='tesseract 3.04.00' />
  <meta name='ocr-capabilities' content='ocr_page ocr_carea ocr_par ocr_line ocrx_word'/>
</head>
<body>
  <div class='ocr_page' id='page_1' title='image "./historiarumquaes05livyuoft_0424.png"; bbox 0 0 1572 2616; ppageno 0'>
   <div class='ocr_carea' id='block_1_1' title="bbox 271 107 1038 150">
    <p class='ocr_par' dir='ltr' id='par_1_1' title="bbox 271 107 1038 150">
     <span class='ocr_line' id='line_1_1' title="bbox 271 107 1038 150; baseline 0.004 -4"><span class='ocrx_word' id='word_1_1' title='bbox 271 107 351 148; x_wconf 83' lang='lat'>126</span> <span class='ocrx_word' id='word_1_2' title='bbox 699 119 1038 150; x_wconf 73' lang='lat' dir='ltr'><strong>ROMANORUM</strong></span> 
     </span>
    </p>
   </div>
   <div class='ocr_carea' id='block_1_2' title="bbox 266 196 1465 756">
    <p class='ocr_par' dir='ltr' id='par_1_2' title="bbox 266 196 1157 235">
     <span class='ocr_line' id='line_1_2' title="bbox 266 196 1157 235; baseline 0.004 -8"><span class='ocrx_word' id='word_1_3' title='bbox 266 196 390 235; x_wconf 78' lang='lat' dir='ltr'>oraffet,</span> <span class='ocrx_word' id='word_1_4' title='bbox 408 207 484 228; x_wconf 87' lang='lat' dir='ltr'>cum</span> <span class='ocrx_word' id='word_1_5' title='bbox 503 198 580 228; x_wconf 78' lang='lat' dir='ltr'>febri</span> <span class='ocrx_word' id='word_1_6' title='bbox 605 199 659 228; x_wconf 89' lang='lat' dir='ltr'>do·</span> <span class='ocrx_word' id='word_1_7' title='bbox 709 208 756 230; x_wconf 87' lang='lat'>10.</span> <span class='ocrx_word' id='word_1_8' title='bbox 792 199 931 230; x_wconf 86' lang='lat' dir='ltr'>Velleius</span> <span class='ocrx_word' id='word_1_9' title='bbox 947 200 1003 230; x_wconf 91' lang='lat' dir='ltr'>lib.</span> <span class='ocrx_word' id='word_1_10' title='bbox 1019 200 1050 230; x_wconf 85' lang='lat' dir='ltr'>ii.</span> <span class='ocrx_word' id='word_1_11' title='bbox 1087 196 1157 231; x_wconf 76' lang='lat' dir='ltr'>Flo-</span> 
     </span>
    </p>

    <p class='ocr_par' dir='ltr' id='par_1_3' title="bbox 268 242 1157 283">
     <span class='ocr_line' id='line_1_3' title="bbox 268 242 1157 283; baseline 0.004 -14"><span class='ocrx_word' id='word_1_12' title='bbox 268 249 362 269; x_wconf 89' lang='lat' dir='ltr'>mum</span> <span class='ocrx_word' id='word_1_13' title='bbox 403 242 504 277; x_wconf 82' lang='lat' dir='ltr'>rediit,</span> <span class='ocrx_word' id='word_1_14' title='bbox 545 242 660 279; x_wconf 81' lang='lat' dir='ltr'>dieque</span> <span class='ocrx_word' id='word_1_15' title='bbox 703 252 754 273; x_wconf 89' lang='lat' dir='ltr'>rus</span> <span class='ocrx_word' id='word_1_16' title='bbox 769 242 825 272; x_wconf 88' lang='lat' dir='ltr'>lib.</span> <span class='ocrx_word' id='word_1_17' title='bbox 843 243 887 273; x_wconf 88' lang='lat' dir='ltr'>iii.</span> <span class='ocrx_word' id='word_1_18' title='bbox 911 253 957 273; x_wconf 84' lang='lat'>11.</span> <span class='ocrx_word' id='word_1_19' title='bbox 985 243 1157 283; x_wconf 82' lang='lat' dir='ltr'>Eutropius</span> 
     </span>
    </p>

    <p class='ocr_par' dir='ltr' id='par_1_4' title="bbox 267 283 1156 323">
     <span class='ocr_line' id='line_1_4' title="bbox 267 283 1156 323; baseline 0.004 -10"><span class='ocrx_word' id='word_1_20' title='bbox 267 283 405 323; x_wconf 81' lang='lat' dir='ltr'>septimo</span> <span class='ocrx_word' id='word_1_21' title='bbox 422 286 465 314; x_wconf 84' lang='lat' dir='ltr'>est</span> <span class='ocrx_word' id='word_1_22' title='bbox 483 285 587 314; x_wconf 88' lang='lat' dir='ltr'>lateris</span> <span class='ocrx_word' id='word_1_23' title='bbox 603 286 656 314; x_wconf 85' lang='lat' dir='ltr'>do·</span> <span class='ocrx_word' id='word_1_24' title='bbox 704 286 746 316; x_wconf 86' lang='lat' dir='ltr'>vi.</span> <span class='ocrx_word' id='word_1_25' title='bbox 806 286 941 316; x_wconf 84' lang='lat' dir='ltr'>Ovidius</span> <span class='ocrx_word' id='word_1_26' title='bbox 992 287 1156 317; x_wconf 79' lang='lat' dir='ltr'>Fastorum</span> 
     </span>
    </p>

    <p class='ocr_par' dir='ltr' id='par_1_5' title="bbox 266 325 1158 367">
     <span class='ocr_line' id='line_1_5' title="bbox 266 325 1158 367; baseline 0.004 -11"><span class='ocrx_word' id='word_1_27' title='bbox 266 325 332 356; x_wconf 88' lang='lat' dir='ltr'>lore</span> <span class='ocrx_word' id='word_1_28' title='bbox 363 328 586 367; x_wconf 58' lang='lat' dir='ltr'>consumptua,</span> <span class='ocrx_word' id='word_1_29' title='bbox 622 328 656 358; x_wconf 92' lang='lat' dir='ltr'>L.</span> <span class='ocrx_word' id='word_1_30' title='bbox 704 328 803 358; x_wconf 86' lang='lat' dir='ltr'>sexto.</span> <span class='ocrx_word' id='word_1_31' title='bbox 848 329 959 359; x_wconf 87' lang='lat' dir='ltr'>Cicero</span> <span class='ocrx_word' id='word_1_32' title='bbox 983 329 1063 360; x_wconf 89' lang='lat' dir='ltr'>libro</span> <span class='ocrx_word' id='word_1_33' title='bbox 1083 331 1102 360; x_wconf 91' lang='lat' dir='ltr'>i.</span> <span class='ocrx_word' id='word_1_34' title='bbox 1128 336 1158 360; x_wconf 88' lang='lat' dir='ltr'>et</span> 
     </span>
    </p>

    <p class='ocr_par' dir='ltr' id='par_1_6' title="bbox 268 369 1027 410">
     <span class='ocr_line' id='line_1_6' title="bbox 268 369 1027 410; baseline 0.004 -10"><span class='ocrx_word' id='word_1_35' title='bbox 268 369 433 410; x_wconf 77' lang='lat' dir='ltr'>Philippo,</span> <span class='ocrx_word' id='word_1_36' title='bbox 475 371 548 401; x_wconf 77' lang='lat' dir='ltr'>Sex.</span> <span class='ocrx_word' id='word_1_37' title='bbox 573 371 659 401; x_wconf 82' lang='lat' dir='ltr'>Julio</span> <span class='ocrx_word' id='word_1_38' title='bbox 703 371 737 401; x_wconf 84' lang='lat' dir='ltr'>ii.</span> <span class='ocrx_word' id='word_1_39' title='bbox 754 373 792 401; x_wconf 83' lang='lat' dir='ltr'>de</span> <span class='ocrx_word' id='word_1_40' title='bbox 808 372 1027 403; x_wconf 81' lang='lat' dir='ltr'>Divinatione.</span> 
     </span>
    </p>

    <p class='ocr_par' dir='ltr' id='par_1_7' title="bbox 269 414 660 445">
     <span class='ocr_line' id='line_1_7' title="bbox 269 414 660 445; baseline 0.008 -3"><span class='ocrx_word' id='word_1_41' title='bbox 269 422 350 443; x_wconf 80' lang='lat' dir='ltr'>coss.</span> <span class='ocrx_word' id='word_1_42' title='bbox 392 414 503 444; x_wconf 86' lang='lat' dir='ltr'>Cicero</span> <span class='ocrx_word' id='word_1_43' title='bbox 534 414 589 444; x_wconf 89' lang='lat' dir='ltr'>lib.</span> <span class='ocrx_word' id='word_1_44' title='bbox 622 415 660 445; x_wconf 93' lang='lat' dir='ltr'>de</span> 
     </span>
    </p>

    <p class='ocr_par' dir='ltr' id='par_1_8' title="bbox 268 456 1244 491">
     <span class='ocr_line' id='line_1_8' title="bbox 268 456 1244 491; baseline 0.002 -5"><span class='ocrx_word' id='word_1_45' title='bbox 268 456 402 487; x_wconf 82' lang='lat' dir='ltr'>Oratore</span> <span class='ocrx_word' id='word_1_46' title='bbox 431 458 474 487; x_wconf 92' lang='lat' dir='ltr'>iii.</span> <span class='ocrx_word' id='word_1_47' title='bbox 515 457 658 488; x_wconf 87' lang='lat' dir='ltr'>Valerius</span> <span class='ocrx_word' id='word_1_48' title='bbox 1160 463 1244 491; x_wconf 49' lang='lat' dir='ltr'>e*-</span> 
     </span>
    </p>

    <p class='ocr_par' dir='ltr' id='par_1_9' title="bbox 267 499 1464 540">
     <span class='ocr_line' id='line_1_9' title="bbox 267 499 1464 540; baseline 0.002 -11"><span class='ocrx_word' id='word_1_49' title='bbox 267 499 326 529; x_wconf 92' lang='lat' dir='ltr'>lib.</span> <span class='ocrx_word' id='word_1_50' title='bbox 341 501 384 530; x_wconf 91' lang='lat' dir='ltr'>vi.</span> <span class='ocrx_word' id='word_1_51' title='bbox 401 510 473 540; x_wconf 86' lang='lat' dir='ltr'>cap.</span> <span class='ocrx_word' id='word_1_52' title='bbox 492 511 520 531; x_wconf 92' lang='lat'>2.</span> <span class='ocrx_word' id='word_1_53' title='bbox 539 501 659 530; x_wconf 88' lang='lat' dir='ltr'>Memi-</span> <span class='ocrx_word' id='word_1_54' title='bbox 704 500 753 530; x_wconf 84' lang='lat' dir='ltr'>M.</span> <span class='ocrx_word' id='word_1_55' title='bbox 783 500 974 531; x_wconf 90' lang='lat' dir='ltr'>LIClNlUS</span> <span class='ocrx_word' id='word_1_56' title='bbox 1002 501 1051 530; x_wconf 93' lang='lat' dir='ltr'>M.</span> <span class='ocrx_word' id='word_1_57' title='bbox 1083 501 1117 532; x_wconf 90' lang='lat' dir='ltr'>F.</span> <span class='ocrx_word' id='word_1_58' title='bbox 1144 502 1179 532; x_wconf 82' lang='lat' dir='ltr'>P.</span> <span class='ocrx_word' id='word_1_59' title='bbox 1224 500 1464 531; x_wconf 85' lang='lat' dir='ltr'>P.LlC1N1US</span> 
     </span>
    </p>

    <p class='ocr_par' dir='ltr' id='par_1_10' title="bbox 270 542 1462 617">
     <span class='ocr_line' id='line_1_10' title="bbox 270 542 1462 583; baseline 0.002 -11"><span class='ocrx_word' id='word_1_60' title='bbox 270 542 318 572; x_wconf 85' lang='lat' dir='ltr'>nit</span> <span class='ocrx_word' id='word_1_61' title='bbox 336 543 458 574; x_wconf 82' lang='lat' dir='ltr'>Plinius</span> <span class='ocrx_word' id='word_1_62' title='bbox 475 544 634 583; x_wconf 84' lang='lat' dir='ltr'>xxxvi.3.</span> <span class='ocrx_word' id='word_1_63' title='bbox 705 553 738 573; x_wconf 80' lang='lat' dir='ltr'>N.</span> <span class='ocrx_word' id='word_1_64' title='bbox 771 553 935 574; x_wconf 74' lang='lat' dir='ltr'>anssus.</span> <span class='ocrx_word' id='word_1_65' title='bbox 976 544 1013 574; x_wconf 85' lang='lat' dir='ltr'>In</span> <span class='ocrx_word' id='word_1_66' title='bbox 1038 545 1179 575; x_wconf 82' lang='lat' dir='ltr'>exercitu</span> <span class='ocrx_word' id='word_1_67' title='bbox 1227 554 1267 574; x_wconf 88' lang='lat' dir='ltr'>M.</span> <span class='ocrx_word' id='word_1_68' title='bbox 1299 554 1329 574; x_wconf 74' lang='lat' dir='ltr'>r.</span> <span class='ocrx_word' id='word_1_69' title='bbox 1362 553 1389 574; x_wconf 78' lang='grc' dir='ltr'>Ρ.</span> <span class='ocrx_word' id='word_1_70' title='bbox 1427 554 1462 574; x_wconf 79' lang='grc' dir='ltr'>Ν.</span> 
     </span>
     <span class='ocr_line' id='line_1_11' title="bbox 460 587 1448 617; baseline 0 -1"><span class='ocrx_word' id='word_1_71' title='bbox 460 587 472 616; x_wconf 96' lang='lat'>1</span> <span class='ocrx_word' id='word_1_72' title='bbox 705 587 832 616; x_wconf 72' lang='lat' dir='ltr'>Caesaris</span> <span class='ocrx_word' id='word_1_73' title='bbox 846 587 996 617; x_wconf 75' lang='lat' dir='ltr'>militavit</span> <span class='ocrx_word' id='word_1_74' title='bbox 1014 588 1045 617; x_wconf 90' lang='lat' dir='ltr'>in</span> <span class='ocrx_word' id='word_1_75' title='bbox 1063 587 1179 617; x_wconf 88' lang='lat' dir='ltr'>Gallia.</span> <span class='ocrx_word' id='word_1_76' title='bbox 1227 596 1245 617; x_wconf 93' lang='lat' dir='ltr'><strong>c</strong></span> <span class='ocrx_word' id='word_1_77' title='bbox 1260 597 1279 616; x_wconf 77' lang='lat' dir='ltr'>n</span> <span class='ocrx_word' id='word_1_78' title='bbox 1294 598 1311 617; x_wconf 77' lang='grc' dir='ltr'><strong>Α</strong></span> <span class='ocrx_word' id='word_1_79' title='bbox 1325 597 1339 617; x_wconf 93' lang='lat' dir='ltr'><strong>s</strong></span> <span class='ocrx_word' id='word_1_80' title='bbox 1356 596 1369 616; x_wconf 92' lang='lat' dir='ltr'><strong>s</strong></span> <span class='ocrx_word' id='word_1_81' title='bbox 1385 596 1403 616; x_wconf 85' lang='lat' dir='ltr'>u</span> <span class='ocrx_word' id='word_1_82' title='bbox 1420 596 1448 616; x_wconf 88' lang='lat' dir='ltr'>s.</span> 
     </span>
    </p>

    <p class='ocr_par' dir='ltr' id='par_1_11' title="bbox 270 629 1463 669">
     <span class='ocr_line' id='line_1_12' title="bbox 270 629 1463 669; baseline 0 -10"><span class='ocrx_word' id='word_1_83' title='bbox 270 629 305 659; x_wconf 88' lang='lat' dir='ltr'>L.</span> <span class='ocrx_word' id='word_1_84' title='bbox 337 629 528 660; x_wconf 87' lang='lat' dir='ltr'>LIClNlUS</span> <span class='ocrx_word' id='word_1_85' title='bbox 557 630 591 660; x_wconf 87' lang='lat' dir='ltr'>L.</span> <span class='ocrx_word' id='word_1_86' title='bbox 624 630 658 660; x_wconf 90' lang='lat' dir='ltr'>F.</span> <span class='ocrx_word' id='word_1_87' title='bbox 705 630 808 660; x_wconf 80' lang='lat' dir='ltr'>Caesar</span> <span class='ocrx_word' id='word_1_88' title='bbox 831 629 886 660; x_wconf 88' lang='lat' dir='ltr'>lib.</span> <span class='ocrx_word' id='word_1_89' title='bbox 904 631 1019 669; x_wconf 88' lang='lat' dir='ltr'>primo.</span> <span class='ocrx_word' id='word_1_90' title='bbox 1057 631 1183 660; x_wconf 73' lang='lat' dir='ltr'>Mariti·</span> <span class='ocrx_word' id='word_1_91' title='bbox 1226 630 1327 660; x_wconf 84' lang='lat' dir='ltr'>Hunc</span> <span class='ocrx_word' id='word_1_92' title='bbox 1340 629 1463 659; x_wconf 84' lang='lat' dir='ltr'>Plutar-</span> 
     </span>
    </p>

    <p class='ocr_par' dir='ltr' id='par_1_12' title="bbox 272 672 1464 712">
     <span class='ocr_line' id='line_1_13' title="bbox 272 672 1464 712; baseline 0 -10"><span class='ocrx_word' id='word_1_93' title='bbox 272 681 299 702; x_wconf 67' lang='grc' dir='ltr'>Ρ.</span> <span class='ocrx_word' id='word_1_94' title='bbox 318 682 353 702; x_wconf 75' lang='lat' dir='ltr'>N.</span> <span class='ocrx_word' id='word_1_95' title='bbox 377 681 545 704; x_wconf 60' lang='lat' dir='ltr'>cussus.</span> <span class='ocrx_word' id='word_1_96' title='bbox 590 673 661 703; x_wconf 85' lang='lat' dir='ltr'>Me·</span> <span class='ocrx_word' id='word_1_97' title='bbox 706 682 776 702; x_wconf 87' lang='lat' dir='ltr'>mas</span> <span class='ocrx_word' id='word_1_98' title='bbox 808 674 952 703; x_wconf 85' lang='lat' dir='ltr'>civitates</span> <span class='ocrx_word' id='word_1_99' title='bbox 981 683 1054 712; x_wconf 76' lang='lat' dir='ltr'>quae</span> <span class='ocrx_word' id='word_1_100' title='bbox 1081 674 1182 703; x_wconf 88' lang='lat' dir='ltr'>Ocea·</span> <span class='ocrx_word' id='word_1_101' title='bbox 1227 673 1308 703; x_wconf 88' lang='lat' dir='ltr'>chus</span> <span class='ocrx_word' id='word_1_102' title='bbox 1326 674 1357 702; x_wconf 91' lang='lat' dir='ltr'>in</span> <span class='ocrx_word' id='word_1_103' title='bbox 1373 672 1464 702; x_wconf 88' lang='lat' dir='ltr'>Cice-</span> 
     </span>
    </p>

    <p class='ocr_par' dir='ltr' id='par_1_13' title="bbox 269 715 1465 756">
     <span class='ocr_line' id='line_1_14' title="bbox 269 715 1465 756; baseline 0 -12"><span class='ocrx_word' id='word_1_104' title='bbox 269 716 367 745; x_wconf 85' lang='lat' dir='ltr'>minit</span> <span class='ocrx_word' id='word_1_105' title='bbox 411 715 534 748; x_wconf 87' lang='lat' dir='ltr'>Plinius</span> <span class='ocrx_word' id='word_1_106' title='bbox 580 716 662 747; x_wconf 87' lang='lat' dir='ltr'>libro</span> <span class='ocrx_word' id='word_1_107' title='bbox 706 725 786 746; x_wconf 86' lang='lat' dir='ltr'>num</span> <span class='ocrx_word' id='word_1_108' title='bbox 804 717 981 756; x_wconf 82' lang='lat' dir='ltr'>attingunt,</span> <span class='ocrx_word' id='word_1_109' title='bbox 1000 717 1033 746; x_wconf 89' lang='lat' dir='ltr'>in</span> <span class='ocrx_word' id='word_1_110' title='bbox 1050 717 1184 746; x_wconf 79' lang='lat' dir='ltr'>deditio-</span> <span class='ocrx_word' id='word_1_111' title='bbox 1226 725 1316 752; x_wconf 88' lang='lat' dir='ltr'>rone,</span> <span class='ocrx_word' id='word_1_112' title='bbox 1355 716 1465 754; x_wconf 86' lang='lat' dir='ltr'>Digno</span> 
     </span>
    </p>
   </div>
   <div class='ocr_carea' id='block_1_3' title="bbox 204 758 1465 798">
    <p class='ocr_par' dir='ltr' id='par_1_14' title="bbox 204 758 1465 798">
     <span class='ocr_line' id='line_1_15' title="bbox 204 758 1465 798; baseline 0 -10"><span class='ocrx_word' id='word_1_113' title='bbox 204 775 208 780; x_wconf 94' lang='lat'>·</span> <span class='ocrx_word' id='word_1_114' title='bbox 269 759 382 789; x_wconf 81' lang='lat' dir='ltr'>xxxiv.</span> <span class='ocrx_word' id='word_1_115' title='bbox 401 768 432 798; x_wconf 78' lang='lat'>3.</span> <span class='ocrx_word' id='word_1_116' title='bbox 707 769 782 789; x_wconf 90' lang='lat' dir='ltr'>nem</span> <span class='ocrx_word' id='word_1_117' title='bbox 801 761 944 798; x_wconf 81' lang='lat' dir='ltr'>accepit:</span> <span class='ocrx_word' id='word_1_118' title='bbox 969 759 1024 790; x_wconf 87' lang='lat' dir='ltr'>lib.</span> <span class='ocrx_word' id='word_1_119' title='bbox 1042 760 1074 790; x_wconf 84' lang='lat' dir='ltr'>ii.</span> <span class='ocrx_word' id='word_1_120' title='bbox 1092 760 1125 789; x_wconf 89' lang='lat' dir='ltr'>in</span> <span class='ocrx_word' id='word_1_121' title='bbox 1141 761 1182 789; x_wconf 92' lang='lat' dir='ltr'>A·</span> <span class='ocrx_word' id='word_1_122' title='bbox 1227 759 1356 789; x_wconf 82' lang='lat' dir='ltr'>cuidam</span> <span class='ocrx_word' id='word_1_123' title='bbox 1377 758 1465 788; x_wconf 87' lang='lat' dir='ltr'>fimi-</span> 
     </span>
    </p>
   </div>
   <div class='ocr_carea' id='block_1_4' title="bbox 274 801 1473 1615">
    <p class='ocr_par' dir='ltr' id='par_1_15' title="bbox 274 801 1473 1615">
     <span class='ocr_line' id='line_1_16' title="bbox 704 801 1468 842; baseline -0.003 -10"><span class='ocrx_word' id='word_1_124' title='bbox 704 802 885 842; x_wconf 86' lang='lat' dir='ltr'>quitaniam</span> <span class='ocrx_word' id='word_1_125' title='bbox 902 802 1011 832; x_wconf 79' lang='lat' dir='ltr'>miffus</span> <span class='ocrx_word' id='word_1_126' title='bbox 1034 812 1112 833; x_wconf 83' lang='lat' dir='ltr'>curn</span> <span class='ocrx_word' id='word_1_127' title='bbox 1129 812 1184 832; x_wconf 84' lang='lat' dir='ltr'>ex·</span> <span class='ocrx_word' id='word_1_128' title='bbox 1228 801 1294 831; x_wconf 85' lang='lat' dir='ltr'>lem</span> <span class='ocrx_word' id='word_1_129' title='bbox 1310 801 1399 832; x_wconf 78' lang='lat' dir='ltr'>fuisse</span> <span class='ocrx_word' id='word_1_130' title='bbox 1420 810 1468 831; x_wconf 85' lang='lat' dir='ltr'>re-</span> 
     </span>
     <span class='ocr_line' id='line_1_17' title="bbox 701 845 1469 883; baseline -0.001 -8"><span class='ocrx_word' id='word_1_131' title='bbox 701 846 814 881; x_wconf 67' lang='lat' dir='ltr'>ercstu,</span> <span class='ocrx_word' id='word_1_132' title='bbox 863 845 1036 881; x_wconf 76' lang='lat' dir='ltr'>sontiates,</span> <span class='ocrx_word' id='word_1_133' title='bbox 1081 845 1186 875; x_wconf 87' lang='lat' dir='ltr'>Voea-</span> <span class='ocrx_word' id='word_1_134' title='bbox 1229 845 1300 881; x_wconf 86' lang='lat' dir='ltr'>fert,</span> <span class='ocrx_word' id='word_1_135' title='bbox 1330 853 1366 874; x_wconf 89' lang='lat' dir='ltr'>ac</span> <span class='ocrx_word' id='word_1_136' title='bbox 1394 853 1469 883; x_wconf 89' lang='lat' dir='ltr'>pro-</span> 
     </span>
     <span class='ocr_line' id='line_1_18' title="bbox 703 888 1468 928; baseline -0.001 -10"><span class='ocrx_word' id='word_1_137' title='bbox 703 895 762 925; x_wconf 82' lang='lat' dir='ltr'>tes,</span> <span class='ocrx_word' id='word_1_138' title='bbox 783 888 970 918; x_wconf 70' lang='lat' dir='ltr'>Tamosates</span> <span class='ocrx_word' id='word_1_139' title='bbox 993 888 1183 928; x_wconf 78' lang='lat' dir='ltr'>profligavit,</span> <span class='ocrx_word' id='word_1_140' title='bbox 1229 894 1336 927; x_wconf 80' lang='lat' dir='ltr'>pterea</span> <span class='ocrx_word' id='word_1_141' title='bbox 1399 896 1468 917; x_wconf 86' lang='lat' dir='ltr'>ma-</span> 
     </span>
     <span class='ocr_line' id='line_1_19' title="bbox 702 930 1471 970; baseline -0.001 -10"><span class='ocrx_word' id='word_1_142' title='bbox 702 937 733 960; x_wconf 85' lang='lat' dir='ltr'>et</span> <span class='ocrx_word' id='word_1_143' title='bbox 778 932 959 961; x_wconf 85' lang='lat' dir='ltr'>maximam</span> <span class='ocrx_word' id='word_1_144' title='bbox 1001 932 1185 969; x_wconf 78' lang='lat' dir='ltr'>Aquitaniae</span> <span class='ocrx_word' id='word_1_145' title='bbox 1230 937 1312 960; x_wconf 90' lang='lat' dir='ltr'>trem</span> <span class='ocrx_word' id='word_1_146' title='bbox 1329 930 1471 970; x_wconf 87' lang='lat' dir='ltr'>impudi-</span> 
     </span>
     <span class='ocr_line' id='line_1_20' title="bbox 704 971 1471 1013; baseline -0.001 -10"><span class='ocrx_word' id='word_1_147' title='bbox 704 981 827 1013; x_wconf 88' lang='lat' dir='ltr'>partem</span> <span class='ocrx_word' id='word_1_148' title='bbox 854 974 886 1003; x_wconf 86' lang='lat' dir='ltr'>in</span> <span class='ocrx_word' id='word_1_149' title='bbox 911 974 1107 1004; x_wconf 85' lang='lat' dir='ltr'>deditionem</span> <span class='ocrx_word' id='word_1_150' title='bbox 1131 984 1184 1004; x_wconf 82' lang='lat' dir='ltr'>ac·</span> <span class='ocrx_word' id='word_1_151' title='bbox 1228 974 1312 1003; x_wconf 83' lang='lat' dir='ltr'>citiae</span> <span class='ocrx_word' id='word_1_152' title='bbox 1347 982 1366 1002; x_wconf 90' lang='lat' dir='ltr'>a</span> <span class='ocrx_word' id='word_1_153' title='bbox 1403 971 1471 1012; x_wconf 84' lang='lat' dir='ltr'>ple-</span> 
     </span>
     <span class='ocr_line' id='line_1_21' title="bbox 703 1016 1470 1056; baseline -0.003 -10"><span class='ocrx_word' id='word_1_154' title='bbox 703 1017 810 1056; x_wconf 87' lang='lat' dir='ltr'>cepit:</span> <span class='ocrx_word' id='word_1_155' title='bbox 834 1016 891 1047; x_wconf 91' lang='lat' dir='ltr'>lib.</span> <span class='ocrx_word' id='word_1_156' title='bbox 907 1017 1009 1046; x_wconf 88' lang='lat' dir='ltr'>tertio.</span> <span class='ocrx_word' id='word_1_157' title='bbox 1040 1017 1187 1046; x_wconf 73' lang='lat' dir='ltr'>Quaestor</span> <span class='ocrx_word' id='word_1_158' title='bbox 1230 1017 1332 1055; x_wconf 85' lang='lat' dir='ltr'>risque</span> <span class='ocrx_word' id='word_1_159' title='bbox 1378 1021 1470 1045; x_wconf 87' lang='lat' dir='ltr'>nota-</span> 
     </span>
     <span class='ocr_line' id='line_1_22' title="bbox 704 1059 1471 1096; baseline -0.003 -6"><span class='ocrx_word' id='word_1_160' title='bbox 704 1059 834 1090; x_wconf 83' lang='lat' dir='ltr'>Caesaris</span> <span class='ocrx_word' id='word_1_161' title='bbox 872 1060 904 1089; x_wconf 87' lang='lat' dir='ltr'>in</span> <span class='ocrx_word' id='word_1_162' title='bbox 943 1059 1060 1096; x_wconf 84' lang='lat' dir='ltr'>Gallia,</span> <span class='ocrx_word' id='word_1_163' title='bbox 1099 1069 1186 1090; x_wconf 87' lang='lat' dir='ltr'>anno</span> <span class='ocrx_word' id='word_1_164' title='bbox 1230 1066 1310 1089; x_wconf 84' lang='lat' dir='ltr'>tam.</span> <span class='ocrx_word' id='word_1_165' title='bbox 1333 1059 1370 1088; x_wconf 88' lang='lat' dir='ltr'>In</span> <span class='ocrx_word' id='word_1_166' title='bbox 1382 1059 1471 1089; x_wconf 90' lang='lat' dir='ltr'>hunc</span> 
     </span>
     <span class='ocr_line' id='line_1_23' title="bbox 705 1101 1473 1140; baseline -0.001 -8"><span class='ocrx_word' id='word_1_167' title='bbox 705 1105 778 1140; x_wconf 85' lang='lat'>699.</span> <span class='ocrx_word' id='word_1_168' title='bbox 799 1102 855 1132; x_wconf 86' lang='lat' dir='ltr'>lib.</span> <span class='ocrx_word' id='word_1_169' title='bbox 874 1113 903 1132; x_wconf 92' lang='lat' dir='ltr'>v.</span> <span class='ocrx_word' id='word_1_170' title='bbox 921 1110 951 1132; x_wconf 81' lang='lat' dir='ltr'>et</span> <span class='ocrx_word' id='word_1_171' title='bbox 974 1103 1016 1133; x_wconf 79' lang='lat' dir='ltr'>vi.</span> <span class='ocrx_word' id='word_1_172' title='bbox 1041 1103 1079 1133; x_wconf 90' lang='lat' dir='ltr'>de</span> <span class='ocrx_word' id='word_1_173' title='bbox 1102 1103 1187 1133; x_wconf 90' lang='lat' dir='ltr'>bello</span> <span class='ocrx_word' id='word_1_174' title='bbox 1231 1103 1274 1132; x_wconf 89' lang='lat' dir='ltr'>est</span> <span class='ocrx_word' id='word_1_175' title='bbox 1287 1101 1365 1132; x_wconf 86' lang='lat' dir='ltr'>illud</span> <span class='ocrx_word' id='word_1_176' title='bbox 1379 1101 1473 1131; x_wconf 85' lang='lat' dir='ltr'>Cice-</span> 
     </span>
     <span class='ocr_line' id='line_1_24' title="bbox 705 1144 1471 1182; baseline -0.001 -8"><span class='ocrx_word' id='word_1_177' title='bbox 705 1145 841 1175; x_wconf 87' lang='lat' dir='ltr'>Gallico.</span> <span class='ocrx_word' id='word_1_178' title='bbox 880 1145 931 1174; x_wconf 92' lang='lat' dir='ltr'>Ad</span> <span class='ocrx_word' id='word_1_179' title='bbox 960 1145 1084 1175; x_wconf 87' lang='lat' dir='ltr'>bellurn</span> <span class='ocrx_word' id='word_1_180' title='bbox 1115 1146 1185 1176; x_wconf 81' lang='lat' dir='ltr'>Par·</span> <span class='ocrx_word' id='word_1_181' title='bbox 1228 1145 1327 1181; x_wconf 80' lang='lat' dir='ltr'>tonis,</span> <span class='ocrx_word' id='word_1_182' title='bbox 1343 1144 1471 1182; x_wconf 78' lang='lat' dir='ltr'>DIgnus</span> 
     </span>
     <span class='ocr_line' id='line_1_25' title="bbox 703 1186 1471 1227; baseline -0.001 -9"><span class='ocrx_word' id='word_1_183' title='bbox 703 1187 832 1218; x_wconf 85' lang='lat' dir='ltr'>thicum</span> <span class='ocrx_word' id='word_1_184' title='bbox 889 1197 967 1218; x_wconf 89' lang='lat' dir='ltr'>cum</span> <span class='ocrx_word' id='word_1_185' title='bbox 1025 1189 1185 1226; x_wconf 84' lang='lat' dir='ltr'>equitibus</span> <span class='ocrx_word' id='word_1_186' title='bbox 1230 1187 1363 1227; x_wconf 85' lang='lat' dir='ltr'>quidem</span> <span class='ocrx_word' id='word_1_187' title='bbox 1373 1186 1471 1217; x_wconf 87' lang='lat' dir='ltr'>Craffi</span> 
     </span>
     <span class='ocr_line' id='line_1_26' title="bbox 702 1231 1288 1267; baseline 0.003 -8"><span class='ocrx_word' id='word_1_188' title='bbox 702 1231 793 1260; x_wconf 88' lang='lat' dir='ltr'>mille</span> <span class='ocrx_word' id='word_1_189' title='bbox 820 1240 838 1260; x_wconf 88' lang='lat' dir='ltr'>a</span> <span class='ocrx_word' id='word_1_190' title='bbox 864 1231 984 1261; x_wconf 85' lang='lat' dir='ltr'>Caesare</span> <span class='ocrx_word' id='word_1_191' title='bbox 1008 1231 1130 1267; x_wconf 82' lang='lat' dir='ltr'>miffus,</span> <span class='ocrx_word' id='word_1_192' title='bbox 1155 1231 1190 1261; x_wconf 91' lang='lat' dir='ltr'>in</span> <span class='ocrx_word' id='word_1_193' title='bbox 1233 1231 1288 1261; x_wconf 88' lang='lat' dir='ltr'>est.</span> 
     </span>
     <span class='ocr_line' id='line_1_27' title="bbox 704 1273 1191 1314; baseline 0.004 -12"><span class='ocrx_word' id='word_1_194' title='bbox 704 1273 817 1312; x_wconf 87' lang='lat' dir='ltr'>proelio</span> <span class='ocrx_word' id='word_1_195' title='bbox 833 1274 955 1304; x_wconf 87' lang='lat' dir='ltr'>occisus</span> <span class='ocrx_word' id='word_1_196' title='bbox 979 1275 1034 1304; x_wconf 84' lang='lat' dir='ltr'>est.</span> <span class='ocrx_word' id='word_1_197' title='bbox 1073 1275 1191 1314; x_wconf 87' lang='lat' dir='ltr'>Appia-</span> 
     </span>
     <span class='ocr_line' id='line_1_28' title="bbox 705 1315 1089 1354; baseline 0 -7"><span class='ocrx_word' id='word_1_198' title='bbox 705 1325 778 1347; x_wconf 80' lang='lat' dir='ltr'>nuS.</span> <span class='ocrx_word' id='word_1_199' title='bbox 801 1316 1005 1354; x_wconf 84' lang='lat' dir='ltr'>Plutarchus,</span> <span class='ocrx_word' id='word_1_200' title='bbox 1023 1315 1089 1348; x_wconf 85' lang='lat' dir='ltr'>alii.</span> 
     </span>
     <span class='ocr_line' id='line_1_29' title="bbox 275 1400 1472 1438; baseline -0.002 -6"><span class='ocrx_word' id='word_1_201' title='bbox 275 1401 323 1432; x_wconf 83' lang='lat' dir='ltr'>M.</span> <span class='ocrx_word' id='word_1_202' title='bbox 346 1401 538 1432; x_wconf 86' lang='lat' dir='ltr'>LIClNlUS</span> <span class='ocrx_word' id='word_1_203' title='bbox 562 1401 611 1431; x_wconf 88' lang='lat' dir='ltr'>M.</span> <span class='ocrx_word' id='word_1_204' title='bbox 629 1402 663 1431; x_wconf 89' lang='lat' dir='ltr'>F.</span> <span class='ocrx_word' id='word_1_205' title='bbox 684 1402 732 1432; x_wconf 85' lang='lat' dir='ltr'>M.</span> <span class='ocrx_word' id='word_1_206' title='bbox 749 1403 793 1433; x_wconf 88' lang='lat' dir='ltr'>N.</span> <span class='ocrx_word' id='word_1_207' title='bbox 819 1402 1019 1433; x_wconf 85' lang='lat' dir='ltr'>CRASSUS.</span> <span class='ocrx_word' id='word_1_208' title='bbox 1064 1400 1183 1434; x_wconf 84' lang='lat' dir='ltr'>Consul</span> <span class='ocrx_word' id='word_1_209' title='bbox 1207 1410 1285 1431; x_wconf 88' lang='lat' dir='ltr'>cum</span> <span class='ocrx_word' id='word_1_210' title='bbox 1313 1400 1350 1431; x_wconf 88' lang='lat' dir='ltr'>C.</span> <span class='ocrx_word' id='word_1_211' title='bbox 1371 1400 1472 1438; x_wconf 74' lang='lat' dir='ltr'>Julio,</span> 
     </span>
     <span class='ocr_line' id='line_1_30' title="bbox 274 1444 919 1484; baseline 0 -9"><span class='ocrx_word' id='word_1_212' title='bbox 274 1454 362 1476; x_wconf 82' lang='lat' dir='ltr'>anno</span> <span class='ocrx_word' id='word_1_213' title='bbox 380 1454 452 1484; x_wconf 86' lang='lat'>723.</span> <span class='ocrx_word' id='word_1_214' title='bbox 476 1444 686 1475; x_wconf 85' lang='lat' dir='ltr'>Caffiodorus.</span> <span class='ocrx_word' id='word_1_215' title='bbox 709 1446 772 1476; x_wconf 94' lang='lat' dir='ltr'>Dio</span> <span class='ocrx_word' id='word_1_216' title='bbox 789 1445 870 1476; x_wconf 87' lang='lat' dir='ltr'>libro</span> <span class='ocrx_word' id='word_1_217' title='bbox 885 1446 919 1475; x_wconf 90' lang='lat' dir='ltr'>li.</span> 
     </span>
     <span class='ocr_line' id='line_1_31' title="bbox 275 1528 1473 1563; baseline -0.002 -3"><span class='ocrx_word' id='word_1_218' title='bbox 275 1530 324 1560; x_wconf 92' lang='lat' dir='ltr'>M.</span> <span class='ocrx_word' id='word_1_219' title='bbox 348 1530 540 1561; x_wconf 83' lang='lat' dir='ltr'>LICINIUS</span> <span class='ocrx_word' id='word_1_220' title='bbox 565 1530 602 1560; x_wconf 93' lang='lat' dir='ltr'>M</span> <span class='ocrx_word' id='word_1_221' title='bbox 631 1531 665 1560; x_wconf 90' lang='lat' dir='ltr'>F.</span> <span class='ocrx_word' id='word_1_222' title='bbox 685 1531 732 1560; x_wconf 88' lang='lat' dir='ltr'>M.</span> <span class='ocrx_word' id='word_1_223' title='bbox 750 1531 794 1561; x_wconf 91' lang='lat' dir='ltr'>N.</span> <span class='ocrx_word' id='word_1_224' title='bbox 811 1530 1014 1563; x_wconf 86' lang='lat' dir='ltr'>CRASSUS.</span> <span class='ocrx_word' id='word_1_225' title='bbox 1059 1530 1176 1562; x_wconf 87' lang='lat' dir='ltr'>Consul</span> <span class='ocrx_word' id='word_1_226' title='bbox 1204 1539 1282 1560; x_wconf 88' lang='lat' dir='ltr'>cum</span> <span class='ocrx_word' id='word_1_227' title='bbox 1309 1529 1370 1561; x_wconf 86' lang='lat' dir='ltr'>Cn.</span> <span class='ocrx_word' id='word_1_228' title='bbox 1395 1528 1473 1560; x_wconf 86' lang='lat' dir='ltr'>Cor-</span> 
     </span>
     <span class='ocr_line' id='line_1_32' title="bbox 276 1573 1037 1615; baseline 0.001 -12"><span class='ocrx_word' id='word_1_229' title='bbox 276 1573 375 1610; x_wconf 86' lang='lat' dir='ltr'>nelio,</span> <span class='ocrx_word' id='word_1_230' title='bbox 394 1583 480 1604; x_wconf 87' lang='lat' dir='ltr'>anno</span> <span class='ocrx_word' id='word_1_231' title='bbox 499 1581 571 1615; x_wconf 80' lang='lat'>739.</span> <span class='ocrx_word' id='word_1_232' title='bbox 595 1573 804 1605; x_wconf 87' lang='lat' dir='ltr'>Caffiodorus.</span> <span class='ocrx_word' id='word_1_233' title='bbox 828 1575 893 1605; x_wconf 90' lang='lat' dir='ltr'>Dio</span> <span class='ocrx_word' id='word_1_234' title='bbox 909 1574 962 1605; x_wconf 87' lang='lat' dir='ltr'>lib.</span> <span class='ocrx_word' id='word_1_235' title='bbox 981 1574 1037 1604; x_wconf 89' lang='lat' dir='ltr'>liv.</span> 
     </span>
    </p>
   </div>
   <div class='ocr_carea' id='block_1_5' title="bbox 277 1700 1476 2078">
    <p class='ocr_par' dir='ltr' id='par_1_16' title="bbox 277 1700 1473 1785">
     <span class='ocr_line' id='line_1_33' title="bbox 277 1700 1473 1733; baseline -0.002 0"><span class='ocrx_word' id='word_1_236' title='bbox 277 1702 302 1733; x_wconf 92' lang='lat' dir='ltr'>L</span> <span class='ocrx_word' id='word_1_237' title='bbox 324 1703 338 1733; x_wconf 85' lang='lat'>1</span> <span class='ocrx_word' id='word_1_238' title='bbox 364 1703 388 1733; x_wconf 95' lang='lat' dir='ltr'>C</span> <span class='ocrx_word' id='word_1_239' title='bbox 507 1703 519 1733; x_wconf 96' lang='lat'>1</span> <span class='ocrx_word' id='word_1_240' title='bbox 545 1703 558 1733; x_wconf 90' lang='lat'><em>1</em></span> <span class='ocrx_word' id='word_1_241' title='bbox 673 1703 704 1731; x_wconf 84' lang='lat' dir='ltr'>L.</span> <span class='ocrx_word' id='word_1_242' title='bbox 722 1702 913 1733; x_wconf 84' lang='lat' dir='ltr'>LIClNlUS</span> <span class='ocrx_word' id='word_1_243' title='bbox 928 1703 962 1732; x_wconf 89' lang='lat' dir='ltr'>L.</span> <span class='ocrx_word' id='word_1_244' title='bbox 980 1703 1014 1733; x_wconf 85' lang='lat' dir='ltr'>F.</span> <span class='ocrx_word' id='word_1_245' title='bbox 1032 1701 1102 1731; x_wconf 68' lang='lat' dir='ltr'>*N</span> <span class='ocrx_word' id='word_1_246' title='bbox 1120 1701 1360 1732; x_wconf 83' lang='lat' dir='ltr'>LUCULLUS.</span> <span class='ocrx_word' id='word_1_247' title='bbox 1389 1700 1473 1731; x_wconf 73' lang='lat' dir='ltr'>Nul-</span> 
     </span>
     <span class='ocr_line' id='line_1_34' title="bbox 279 1745 1199 1785; baseline -0.003 -8"><span class='ocrx_word' id='word_1_248' title='bbox 279 1746 305 1778; x_wconf 83' lang='lat' dir='ltr'>L</span> <span class='ocrx_word' id='word_1_249' title='bbox 319 1746 349 1777; x_wconf 92' lang='lat' dir='ltr'>U</span> <span class='ocrx_word' id='word_1_250' title='bbox 367 1746 393 1777; x_wconf 94' lang='lat' dir='ltr'>C</span> <span class='ocrx_word' id='word_1_251' title='bbox 407 1747 436 1776; x_wconf 86' lang='lat' dir='ltr'>U</span> <span class='ocrx_word' id='word_1_252' title='bbox 454 1747 476 1776; x_wconf 90' lang='lat' dir='ltr'>L</span> <span class='ocrx_word' id='word_1_253' title='bbox 493 1747 517 1776; x_wconf 94' lang='lat' dir='ltr'>L</span> <span class='ocrx_word' id='word_1_254' title='bbox 534 1747 559 1776; x_wconf 85' lang='lat'>1.</span> <span class='ocrx_word' id='word_1_255' title='bbox 669 1745 739 1775; x_wconf 89' lang='lat' dir='ltr'>lum</span> <span class='ocrx_word' id='word_1_256' title='bbox 757 1746 800 1775; x_wconf 90' lang='lat' dir='ltr'>est</span> <span class='ocrx_word' id='word_1_257' title='bbox 817 1747 949 1785; x_wconf 83' lang='lat' dir='ltr'>adeptus</span> <span class='ocrx_word' id='word_1_258' title='bbox 967 1746 1199 1784; x_wconf 84' lang='lat' dir='ltr'>magistratum.</span> 
     </span>
    </p>

    <p class='ocr_par' dir='ltr' id='par_1_17' title="bbox 666 1828 1476 2078">
     <span class='ocr_line' id='line_1_35' title="bbox 666 1828 1475 1861; baseline -0.004 0"><span class='ocrx_word' id='word_1_259' title='bbox 666 1831 700 1861; x_wconf 91' lang='lat' dir='ltr'>L.</span> <span class='ocrx_word' id='word_1_260' title='bbox 720 1831 910 1861; x_wconf 89' lang='lat' dir='ltr'>LlClNIUS</span> <span class='ocrx_word' id='word_1_261' title='bbox 932 1830 965 1860; x_wconf 87' lang='lat' dir='ltr'>L.</span> <span class='ocrx_word' id='word_1_262' title='bbox 980 1831 1013 1860; x_wconf 88' lang='lat' dir='ltr'>F.</span> <span class='ocrx_word' id='word_1_263' title='bbox 1029 1831 1062 1860; x_wconf 92' lang='lat' dir='ltr'>L.</span> <span class='ocrx_word' id='word_1_264' title='bbox 1075 1830 1118 1860; x_wconf 85' lang='lat' dir='ltr'>N.</span> <span class='ocrx_word' id='word_1_265' title='bbox 1134 1829 1370 1861; x_wconf 87' lang='lat' dir='ltr'>LUCULLUS.</span> <span class='ocrx_word' id='word_1_266' title='bbox 1387 1828 1475 1859; x_wconf 88' lang='lat' dir='ltr'>Con—</span> 
     </span>
     <span class='ocr_line' id='line_1_36' title="bbox 667 1872 1475 1906; baseline -0.001 -3"><span class='ocrx_word' id='word_1_267' title='bbox 667 1874 711 1903; x_wconf 88' lang='lat' dir='ltr'>sul</span> <span class='ocrx_word' id='word_1_268' title='bbox 730 1884 807 1903; x_wconf 84' lang='lat' dir='ltr'>cum</span> <span class='ocrx_word' id='word_1_269' title='bbox 819 1875 859 1904; x_wconf 87' lang='lat' dir='ltr'>A.</span> <span class='ocrx_word' id='word_1_270' title='bbox 876 1874 1046 1906; x_wconf 81' lang='lat' dir='ltr'>Postumio,</span> <span class='ocrx_word' id='word_1_271' title='bbox 1065 1883 1151 1903; x_wconf 86' lang='lat' dir='ltr'>anno</span> <span class='ocrx_word' id='word_1_272' title='bbox 1167 1876 1239 1903; x_wconf 81' lang='lat'>602.</span> <span class='ocrx_word' id='word_1_273' title='bbox 1265 1872 1475 1903; x_wconf 82' lang='lat' dir='ltr'>Caffiodorus.</span> 
     </span>
     <span class='ocr_line' id='line_1_37' title="bbox 668 1915 1472 1956; baseline -0.004 -10"><span class='ocrx_word' id='word_1_274' title='bbox 668 1917 858 1955; x_wconf 79' lang='lat' dir='ltr'>Hispaniam</span> <span class='ocrx_word' id='word_1_275' title='bbox 896 1917 1095 1956; x_wconf 80' lang='lat' dir='ltr'>provinciam</span> <span class='ocrx_word' id='word_1_276' title='bbox 1135 1915 1271 1953; x_wconf 83' lang='lat' dir='ltr'>sortitus,</span> <span class='ocrx_word' id='word_1_277' title='bbox 1305 1915 1472 1951; x_wconf 83' lang='lat' dir='ltr'>Vaccaeos,</span> 
     </span>
     <span class='ocr_line' id='line_1_38' title="bbox 667 1957 1475 1996; baseline -0.005 -7"><span class='ocrx_word' id='word_1_278' title='bbox 667 1960 857 1995; x_wconf 77' lang='lat' dir='ltr'>Cantabros,</span> <span class='ocrx_word' id='word_1_279' title='bbox 874 1966 904 1989; x_wconf 87' lang='lat' dir='ltr'>et</span> <span class='ocrx_word' id='word_1_280' title='bbox 920 1959 996 1989; x_wconf 77' lang='lat' dir='ltr'>alias</span> <span class='ocrx_word' id='word_1_281' title='bbox 1013 1960 1120 1988; x_wconf 87' lang='lat' dir='ltr'>adhuc</span> <span class='ocrx_word' id='word_1_282' title='bbox 1134 1959 1312 1996; x_wconf 79' lang='lat' dir='ltr'>incognitas</span> <span class='ocrx_word' id='word_1_283' title='bbox 1327 1957 1475 1986; x_wconf 79' lang='lat' dir='ltr'>nationes</span> 
     </span>
     <span class='ocr_line' id='line_1_39' title="bbox 667 1999 1475 2041; baseline -0.004 -9"><span class='ocrx_word' id='word_1_284' title='bbox 667 2002 799 2040; x_wconf 80' lang='lat' dir='ltr'>subegit.</span> <span class='ocrx_word' id='word_1_285' title='bbox 826 2003 975 2041; x_wconf 83' lang='lat' dir='ltr'>Epitome</span> <span class='ocrx_word' id='word_1_286' title='bbox 993 2001 1094 2031; x_wconf 81' lang='lat' dir='ltr'>xlviii.</span> <span class='ocrx_word' id='word_1_287' title='bbox 1125 2001 1291 2039; x_wconf 80' lang='lat' dir='ltr'>Appianus</span> <span class='ocrx_word' id='word_1_288' title='bbox 1308 2000 1341 2029; x_wconf 88' lang='lat' dir='ltr'>in</span> <span class='ocrx_word' id='word_1_289' title='bbox 1360 1999 1475 2038; x_wconf 79' lang='lat' dir='ltr'>Hispa.-</span> 
     </span>
     <span class='ocr_line' id='line_1_40' title="bbox 668 2042 1476 2078; baseline -0.002 -4"><span class='ocrx_word' id='word_1_290' title='bbox 668 2045 842 2075; x_wconf 81' lang='lat' dir='ltr'>niensibus.</span> <span class='ocrx_word' id='word_1_291' title='bbox 878 2045 1031 2075; x_wconf 87' lang='lat' dir='ltr'>Meminit</span> <span class='ocrx_word' id='word_1_292' title='bbox 1047 2044 1158 2074; x_wconf 86' lang='lat' dir='ltr'>Cicero</span> <span class='ocrx_word' id='word_1_293' title='bbox 1176 2045 1206 2071; x_wconf 82' lang='lat' dir='ltr'>in</span> <span class='ocrx_word' id='word_1_294' title='bbox 1223 2044 1332 2078; x_wconf 83' lang='lat' dir='ltr'>Bruto,</span> <span class='ocrx_word' id='word_1_295' title='bbox 1349 2049 1379 2072; x_wconf 86' lang='lat' dir='ltr'>et</span> <span class='ocrx_word' id='word_1_296' title='bbox 1394 2042 1476 2072; x_wconf 77' lang='lat' dir='ltr'>libro</span> 
     </span>
    </p>
   </div>
   <div class='ocr_carea' id='block_1_6' title="bbox 669 2088 1205 2158">
    <p class='ocr_par' dir='ltr' id='par_1_18' title="bbox 669 2088 1205 2158">
     <span class='ocr_line' id='line_1_41' title="bbox 669 2088 1205 2158; baseline -0.006 -41"><span class='ocrx_word' id='word_1_297' title='bbox 669 2088 938 2118; x_wconf 86' lang='lat' dir='ltr'>Academicarum</span> <span class='ocrx_word' id='word_1_298' title='bbox 955 2088 1205 2158; x_wconf 62' lang='lat' dir='ltr'>quaest-lquarto.</span> 
     </span>
    </p>
   </div>
   <div class='ocr_carea' id='block_1_7' title="bbox 669 2169 1475 2290">
    <p class='ocr_par' dir='ltr' id='par_1_19' title="bbox 669 2169 1475 2290">
     <span class='ocr_line' id='line_1_42' title="bbox 669 2169 1473 2203; baseline -0.004 0"><span class='ocrx_word' id='word_1_299' title='bbox 669 2172 704 2203; x_wconf 92' lang='lat' dir='ltr'>L.</span> <span class='ocrx_word' id='word_1_300' title='bbox 736 2172 925 2203; x_wconf 84' lang='lat' dir='ltr'>LIClNlUS</span> <span class='ocrx_word' id='word_1_301' title='bbox 958 2172 992 2201; x_wconf 90' lang='lat' dir='ltr'>L.</span> <span class='ocrx_word' id='word_1_302' title='bbox 1025 2171 1058 2202; x_wconf 89' lang='lat' dir='ltr'>F.</span> <span class='ocrx_word' id='word_1_303' title='bbox 1091 2171 1126 2201; x_wconf 91' lang='lat' dir='ltr'>L.</span> <span class='ocrx_word' id='word_1_304' title='bbox 1155 2170 1196 2200; x_wconf 87' lang='lat' dir='ltr'>N.</span> <span class='ocrx_word' id='word_1_305' title='bbox 1236 2169 1473 2201; x_wconf 86' lang='lat' dir='ltr'>LUCULLUS.</span> 
     </span>
     <span class='ocr_line' id='line_1_43' title="bbox 671 2211 1475 2290; baseline -0.005 -45"><span class='ocrx_word' id='word_1_306' title='bbox 671 2215 860 2290; x_wconf 41' lang='lat' dir='ltr'>{uigetfurti</span> <span class='ocrx_word' id='word_1_307' title='bbox 880 2216 1074 2245; x_wconf 84' lang='lat' dir='ltr'>damnatum</span> <span class='ocrx_word' id='word_1_308' title='bbox 1099 2213 1258 2245; x_wconf 65' lang='lat' dir='ltr'>Plutarch.</span> <span class='ocrx_word' id='word_1_309' title='bbox 1283 2215 1315 2243; x_wconf 85' lang='lat' dir='ltr'>in</span> <span class='ocrx_word' id='word_1_310' title='bbox 1340 2211 1475 2245; x_wconf 75' lang='lat' dir='ltr'>Lucullo</span> 
     </span>
    </p>
   </div>
  </div>
 </body>
</html>
