1572 2616
425 149 798 180 HISTORIARUM
837 149 1040 179 maltos.
1246 139 1324 180 161

180 233 232 263 26.
242 238 274 262 et
285 236 335 268 27.
353 229 514 270 05toginta
528 231 686 270 principes
697 229 877 268 juventutis
889 229 1060 260 Laconicae
1077 229 1241 266 interficit,
1256 230 1330 261 ibid.

179 275 302 304 bellum
320 274 465 304 adversus
480 283 556 304 eum
579 281 662 304 terra
684 274 828 313 marique
845 274 974 312 geritur,
993 275 1044 303 28.
1060 281 1090 302 et
1108 283 1159 312 29.
1186 274 1276 312 petit,
1293 280 1332 304 ut

177 318 233 348 sibi
251 317 392 357 colloqui
409 327 486 348 cum
501 318 541 347 T.
561 317 696 348 Quintio
711 317 819 354 liceat,
838 326 888 355 30.
912 316 981 354 ejus
997 317 1096 346 oratio
1110 318 1149 347 ad
1164 317 1204 347 T.
1224 317 1332 347 Quin-

178 362 276 397 tium,
294 370 346 400 31.
369 361 535 400 respondet
559 361 726 398 Quintius,
744 370 795 400 32.
817 360 1018 390 conditiones
1040 361 1127 400 pacis
1151 369 1169 390 a
1194 359 1331 389 Quintio

177 405 309 443 scriptae,
334 411 385 444 35.
410 414 488 444 quas
511 404 640 444 respuit,
665 406 718 443 36.
739 412 770 434 et
795 411 846 442 37.
870 404 1141 433 Lacedaemonem
1165 410 1333 443 oppugnat

179 447 345 484 Quintius,
363 449 414 487 38.
432 454 462 478 et
480 458 531 487 39.
556 448 710 486 indueiae,
725 457 779 487 40.
803 447 905 477 Nabis
921 448 1020 477 mittit
1035 447 1156 486 legatos
1173 447 1331 484 Romam,

178 491 232 530 qui
250 499 363 530 pacem
381 492 567 531 impetrant,
583 501 637 530 43.

220 534 459 564 concitantibus
475 534 593 564 AEtolis
617 535 724 564 denuo
748 533 871 563 bellum
896 533 1028 564 molitur
1051 533 1197 564 adversus
1212 532 1334 563 Roma-

176 585 248 612 nos,
275 584 328 617 35,
356 587 404 609 12.
430 585 462 608 et
488 587 536 616 13.
560 584 671 608 contra
694 587 771 607 eum
799 578 938 607 mittitur
962 577 1094 614 Atilius,
1122 584 1249 616 praetor,
1278 587 1332 607 22.

174 619 277 650 Nabis
304 628 470 660 oppugnat
497 621 672 661 Gythium,
698 628 750 660 25.
778 622 878 651 vastat
901 621 1101 651 Achaeorum
1128 630 1233 659 agros,
1258 619 1332 649 ibid.

175 669 265 702 parat
280 663 422 702 classem,
441 665 492 695 26.
516 665 617 694 vincit
632 664 746 704 proelio
762 664 866 694 navali
884 665 1036 700 Achaeos,
1053 663 1125 694 ibid.
1148 664 1275 703 fugatur
1292 663 1333 693 ab

174 707 319 744 AchaeiS,
337 708 475 747 28—30.
499 708 657 738 occiditur
672 707 712 739 ab
727 707 946 746 Alexameno,
971 708 1116 748 principe
1131 707 1332 745 AEtolorum,

179 756 231 789 35·

131 792 313 832 Nadagara,
331 793 418 831 urbs,
436 802 487 832 30,
505 803 556 835 29.

132 836 249 866 Naevia
265 843 366 876 porta,
382 848 413 873 2,
434 847 445 867 1
457 846 483 867 1.

133 879 167 909 L.
181 879 314 910 Naevius
330 880 460 917 Balbus,
477 887 533 920 45,
554 889 603 919 13.

132 922 181 953 M.
200 922 343 956 Naevius,
361 923 508 954 tribunus
525 923 639 963 plebis,
662 923 842 954 seeundum
863 923 1020 963 quosdam
1044 920 1187 954 auetores
1203 921 1335 953 accusa-

175 972 225 995 tor
239 965 273 996 P.
291 966 450 1006 Scipionis
465 967 621 1004 Africani,
640 968 693 1005 38,
712 968 764 1006 56.

133 1008 174 1039 Q.
194 1008 327 1040 Naevius
344 1010 454 1047 Crista,
471 1011 519 1040 vir
534 1011 668 1050 impiger
684 1010 873 1049 militiaeque
889 1011 1022 1051 peritus,
1038 1009 1162 1040 invadit
1178 1008 1335 1040 Macedo·

175 1061 257 1082 num
274 1053 386 1089 castra,
406 1064 459 1090 24,
474 1064 528 1094 40.
551 1063 652 1093 eaque
665 1054 784 1093 diripit,
802 1053 874 1084 ibid.

131 1094 176 1125 Q.
191 1095 324 1125 Naevius
352 1096 468 1126 Matho
492 1105 617 1127 creatur
641 1104 768 1136 praetor,
793 1107 847 1138 39,
869 1107 920 1135 32.
944 1097 1069 1127 sortitur
1093 1096 1275 1126 Sardiniam
1301 1100 1334 1125 et

173 1139 385 1177 quaestionem
401 1140 441 1170 de
459 1140 635 1179 veneficiis,
653 1142 704 1179 38.
729 1141 769 1171 ad
786 1141 851 1170 duo
874 1140 977 1170 millia
994 1140 1215 1171 veneficorum
1239 1139 1334 1169 dam·

171 1188 240 1219 nat,
258 1192 312 1222 41.

130 1222 173 1254 Ο.
188 1224 336 1262 Naevius,
351 1225 487 1256 coloniae
503 1226 700 1256 deducendae
722 1227 881 1263 triumvir,
899 1227 953 1257 cui
977 1227 1011 1257 in
1032 1226 1212 1257 triennium
1228 1226 1334 1266 impe·

172 1269 258 1298 rium
275 1269 360 1305 esset,
378 1277 514 1307 creatur,
534 1279 586 1310 34,
606 1277 659 1311 53.
676 1270 742 1302 vid.
760 1277 788 1300 et
804 1278 859 1311 35,
873 1280 927 1310 40.

126 1309 275 1350 Narbon,
292 1313 375 1352 Epit.
395 1323 466 1352 134.

129 1353 266 1392 Narnia,
284 1355 425 1392 colonia,
449 1355 529 1386 olim
557 1356 764 1395 Nequinum,
785 1366 835 1394 10,
853 1368 883 1398 9.
899 1363 931 1387 et
949 1366 1000 1387 10.
1023 1361 1120 1395 negat
1143 1354 1333 1388 consulibus

173 1396 330 1429 Romanis
347 1399 465 1429 milites
487 1406 519 1429 et
542 1400 731 1439 pecuniam,
749 1408 803 1439 27,
820 1412 850 1442 9.
876 1401 914 1431 de
931 1401 993 1431 hac
1018 1409 1051 1430 re
1077 1397 1331 1430 senatusconsul-

171 1446 257 1477 tum,
275 1451 328 1482 29,
347 1449 395 1481 15.

127 1483 251 1514 Narnia
264 1484 392 1516 colonia
405 1484 561 1525 suppleta,
581 1495 633 1523 32,
652 1496 681 1516 2.

128 1527 320 1558 Narnienses
335 1529 467 1566 equites,
486 1529 598 1558 nuncii
616 1527 800 1558 Asdrubalis
821 1534 854 1558 et
876 1529 1052 1558 Poenorum
1073 1525 1187 1564 cladis,
1205 1531 1260 1564 27,
1275 1531 1331 1566 50.

127 1569 315 1600 Narnieniis
333 1571 443 1606 tribus,
460 1571 492 1607 6,
511 1579 541 1610 5-
569 1580 622 1609 29,
641 1578 694 1610 37.

127 1612 258 1651 Naflca,
272 1613 338 1644 vid.
353 1614 384 1644 P.
402 1613 578 1644 Cornelius.

127 1656 230 1687 Nasus
246 1658 470 1694 Acarnanum,
488 1658 541 1694 26,
560 1666 610 1696 24.

127 1699 244 1738 Nasus,
261 1700 323 1730 sive
340 1700 453 1738 insula,
469 1700 676 1741 Syracusanae
697 1700 783 1731 urbis
806 1709 890 1740 pars,
907 1700 1033 1740 capitur
1049 1708 1068 1730 a
1083 1697 1254 1736 Romanis,
1271 1703 1328 1739 25,

173 1752 223 1781 30.

125 1785 250 1816 Navale
267 1786 432 1824 proelium‚
452 1796 502 1820 21,
521 1795 572 1827 50.
589 1786 655 1816 vid.
672 1793 699 1815 et
715 1786 837 1825 Pugna.

127 1829 266 1859 Navales
282 1830 458 1866 duumviri,
476 1839 507 1868 9,
528 1840 578 1868 30.
595 1830 660 1859 vid.
677 1830 860 1860 Duurnviri.

127 1871 264 1902 Navalia
280 1872 393 1902 Romae
410 1880 496 1903 trans
515 1873 673 1909 Tiberim,
692 1883 723 1912 3,
741 1874 794 1904 26.
817 1874 846 1906 8,
869 1881 918 1911 14.
941 1881 995 1911 40,
1014 1879 1066 1912 51.

125 1915 258 1946 Navalis
276 1925 393 1955 pugnae
410 1915 633 1952 simulacrum,
649 1916 702 1952 26,
717 1924 769 1956 51.
795 1926 847 1954 29,
869 1925 918 1946 22.

126 1958 260 1989 Navalis
275 1959 458 1998 triumphus
474 1959 599 1990 Oetavii
615 1960 654 1990 de
670 1959 790 1998 Perseo,
806 1966 861 2000 45,
879 1969 933 2000 42.

127 2002 229 2031 Navis
245 2002 396 2039 aetuaria,
414 2012 466 2039 21,
485 2003 535 2034 28.

125 2060 170 2068 -—
185 2051 305 2084 aperta,
324 2047 377 2084 36,
393 2055 446 2085 42.

126 2103 171 2111 -
186 2089 338 2127 hepteris,
358 2097 409 2126 37,
429 2099 481 2128 23.
497 2096 528 2119 et
546 2099 598 2128 30.

125 2146 171 2153 —
186 2131 322 2168 hemeris,
340 2131 412 2162 ibid.

127 2189 172 2196 ——
187 2174 398 2214 hippagogus,
415 2184 471 2214 44,
490 2176 541 2206 28.

128 2232 174 2239 —’
189 2215 297 2255 longa,
313 2226 343 2257 5,
361 2220 413 2249 28·

127 2276 172 2283 —
191 2261 344 2298 moneris,
362 2262 415 2299 38,
432 2262 484 2300 38.

127 2319 173 2327 —
187 2304 342 2339 oneraria,
361 2314 413 2340 22,
434 2314 481 2335 ιι.

130 2362 174 2369 -
189 2347 345 2385 praetoria,
364 2357 417 2387 29,
436 2356 487 2386 25.

130 2389 327 2428 —rostrata,
346 2391 398 2426 28,
413 2398 465 2431 45.
478 2390 573 2428 et46.
599 2399 650 2429 30,
671 2400 723 2422 ιο.
