1572 2616
439 183 811 214 HISTORIARUM
849 182 1054 211 munos.
1262 169 1341 224 263

152 265 188 296 P.
204 265 350 296 Valerius
364 264 543 301 Publicola,
561 263 685 300 consul,
703 272 735 300 7,
753 272 805 294 21.
827 267 955 302 praetor,
973 270 1026 300 23.
1043 259 1188 298 dietator,
1208 261 1259 292 28.

153 309 186 339 P.
203 308 348 340 Valerius
363 307 540 345 Publicola,
558 308 703 346 magister
717 307 880 346 equitum,
897 306 932 343 8,
950 311 1001 341 17.

153 352 196 382 T.
213 351 370 388 Valerius,
385 350 521 390 legatus,
539 360 593 389 24,
609 359 662 389 40.

155 393 358 425 Valetudinis
374 404 448 434 ergo
463 393 651 433 supplicatio
666 391 760 428 facta,
776 400 831 430 40,
850 399 901 429 37.

154 437 355 468 Valetudinis
370 437 479 477 populi
497 436 602 466 caussa
618 435 808 475 supplicatio
824 441 855 463 et
870 433 968 470 feriae,
983 443 1038 473 42,
1057 443 1088 464 2.

153 480 337 511 valetudini
361 480 553 511 excusandae
575 478 742 510 sollemnia
764 478 852 508 fuere
867 486 946 508 cum
968 475 1175 515 jurejurando
1191 474 1298 515 verba,
1315 476 1350 514 6,

198 533 247 555 22-

152 566 288 596 Vallaris
303 575 434 603 corona,
446 565 513 596 vid.
529 565 667 596 Corona.

155 608 286 640 Vallum
304 609 538 647 Macedonum,
557 619 611 648 33,
629 616 659 649 5.

152 668 198 675 —
213 652 451 688 Romanorum,
469 652 540 682 ibid.

154 695 295 732 Vardaei,
313 706 386 736 pop.
404 695 535 735 lllyrici,
550 695 635 734 Epit.
651 695 702 734 56.

155 738 189 768 P.
208 739 366 776 Varenus,
384 745 510 778 praetor,
527 738 639 778 proelio
654 736 806 773 vincitur,
823 735 909 776 Epit.
925 743 979 776 95.

156 781 270 819 Varro,
287 781 352 812 vid.
368 782 552 812 Terentius.

158 824 242 855 Vasa
256 831 404 864 argentea
419 825 453 862 in
468 824 550 854 cella
564 824 653 854 Jovis
668 832 710 853 ex
731 821 932 852 muletaticia
948 819 1086 860 pecunia
1101 819 1214 860 posita,
1235 829 1286 856 10,
1303 829 1355 859 23.

160 867 242 898 Vasa
258 875 407 907 argentea
421 875 452 898 et
468 877 564 898 aurea
578 867 720 897 Romani
736 866 858 896 donant
873 863 996 903 Attalo,
1012 863 1167 895 Eumenis
1184 864 1283 902 fratri,
1302 873 1358 905 35,

206 920 258 949 23.

164 953 245 984 Vasa
261 962 351 983 aenea
366 960 397 984 et
413 960 561 993 argentea
577 952 714 989 Gallica,
733 953 785 990 36,
802 960 855 991 40-

164 996 246 1027 Vasa
263 1006 357 1026 aurea
374 997 591 1036 quingentum
609 996 716 1036 pondo
733 993 889 1025 Romanis
905 993 1006 1024 mittit
1021 993 1216 1031 Antiochus,
1232 1002 1287 1032 42,
1305 992 1337 1023 6.

164 1040 321 1071 Vasorum
339 1049 509 1070 aureorum
533 1046 564 1070 et
589 1046 811 1079 argenteorum
835 1038 948 1076 ingens
971 1046 1126 1067 numerus
1143 1035 1283 1067 Astatico
1307 1036 1363 1066 tri-

206 1084 333 1122 umpho
350 1082 582 1120 &adu-filorum,
601 1090 654 1121 37,
674 1091 725 1122 59.

162 1126 336 1162 Vastetani,
356 1136 370 1164 3
380 1134 408 1163 7,
422 1127 476 1165 46.

166 1169 263 1198 Vates
279 1179 317 1198 ex
335 1169 439 1199 alieno
455 1177 555 1198 errore
571 1168 730 1207 quaestum
746 1167 909 1199 facientes,
927 1174 979 1206 25,
1001 1175 1030 1197 ι.

165 1212 263 1242 Vates
279 1212 410 1242 Graecus
427 1211 645 1242 Bacchanalia
663 1211 694 1240 in
713 1211 872 1240 Etruriam
889 1209 1026 1248 invehit,
1045 1218 1098 1247 39,
1115 1210 1146 1240 8.

164 1255 341 1285 Vaticanus
357 1265 441 1294 ager,
461 1265 511 1291 10,
531 1257 582 1285 26.

164 1298 306 1329 Vaticini
324 1298 394 1328 libri
409 1298 564 1335 jubentur
580 1297 619 1326 ad
637 1303 806 1336 praetorem
822 1294 946 1332 deferri,
966 1302 1018 1335 25,
1040 1303 1069 1326 1.

166 1341 308 1371 Vecilius
323 1351 430 1376 monS,
449 1351 478 1379 3,
497 1347 549 1379 50.

168 1383 315 1422 Veffigal
332 1393 454 1413 novum
473 1384 627 1413 statutum
643 1391 683 1411 ex
697 1380 805 1412 salaria
820 1389 963 1418 annona,
977 1389 1032 1419 29,
1052 1387 1104 1419 37.

166 1427 310 1465 Veffigal
328 1436 476 1456 annuum
495 1427 527 1455 in
543 1435 638 1464 opera
655 1424 785 1464 publica
801 1424 984 1454 censoribus
1000 1423 1179 1461 decretum,
1197 1432 1249 1464 40,
1266 1424 1320 1464 46.

166 1469 308 1509 Vet‘ligal
325 1479 342 1500 e
359 1470 496 1499 metallis
512 1468 745 1504 Macedonicis,
759 1474 815 1507 45,
835 1468 884 1497 18.
901 1473 931 1496 et
949 1475 999 1506 29.

169 1512 346 1552 Vectigalia
368 1512 478 1553 populi
504 1511 644 1542 Romani
671 1510 727 1541 sub
752 1517 834 1540 nutu
858 1510 1050 1549 arbitrioque
1074 1509 1242 1540 censorum
1266 1510 1365 1546 fuere,

170 1598 346 1638 Vectigalia
369 1607 488 1637 magna
508 1607 548 1628 ex
576 1597 709 1627 ferrariis
732 1603 763 1626 et
787 1595 970 1636 argentariis
997 1595 1029 1625 in
1055 1595 1209 1635 Hispania
1233 1596 1369 1627 instituit

215 1642 308 1678 Cato,
328 1652 380 1680 34,
399 1651 452 1672 21.

174 1685 348 1724 Vefiligalia
362 1684 497 1714 summis
513 1684 619 1723 pretiis
633 1683 752 1719 locata,
771 1691 823 1722 39,
838 1691 892 1722 44.
916 1680 1021 1711 multa
1036 1681 1190 1719 instituta,
1203 1691 1259 1721 40,
1279 1691 1332 1723 51.

174 1727 386 1767 Veeligaliurn
404 1736 586 1757 annuorum
604 1726 778 1756 dimidium
801 1725 841 1755 ad
863 1734 958 1765 opera
981 1724 1112 1765 publica
1132 1725 1280 1755 facienda
1294 1735 1370 1756 cen-

218 1771 337 1800 soribus
353 1770 557 1805 attributum,
573 1779 628 1809 44,
651 1770 699 1800 16.

173 1813 348 1852 Vectigalia
363 1813 672 1851 Carthaginiensium
689 1811 805 1850 praedae
817 1820 855 1841 ac
872 1809 982 1841 divisui
997 1809 1056 1841 effe
1073 1810 1282 1850 principibus,
1298 1821 1369 1852 pro·

219 1857 308 1886 hibet
321 1855 477 1892 Annibal,
496 1865 548 1894 33,
567 1855 620 1894 46.
637 1862 668 1884 et
684 1863 737 1891 47.

174 1899 304 1930 Vectius
318 1898 461 1935 Meffius,
476 1898 542 1929 vid.
559 1897 700 1928 Meffius.

176 1942 334 1973 Veftones
350 1943 527 1972 funduntur
540 1949 570 1971 et
587 1942 735 1979 fugantur
751 1939 791 1969 ab
808 1938 856 1969 M.
875 1937 1000 1975 Fulvio,
1018 1945 1162 1978 primore,
1181 1948 1234 1979 35,
1255 1947 1285 1976 7.

177 1986 359 2016 Vectonum
375 1994 513 2024 magnus
528 1986 686 2013 exercitus
697 1982 863 2014 Toletanis
879 1981 1013 2012 subfidio
1028 1983 1126 2019 venit,
1145 1990 1198 2022 35,
1219 1993 1270 2014 22.

179 2029 327 2059 Veientes
344 2029 376 2057 in
393 2028 471 2058 fines
489 2027 653 2058 Romanos
668 2032 856 2061 excurrunt,
876 2034 904 2062 1,
925 2034 974 2065 ¹5·
991 2034 1008 2054 a
1024 2025 1167 2055 Romulo
1183 2027 1371 2064 vincuntur,

223 2071 294 2102 ibid.
318 2072 382 2111 agri
407 2078 494 2110 parte
519 2070 680 2100 mulctatis
703 2070 735 2098 in
759 2075 892 2098 centum
924 2077 1026 2098 annos
1051 2068 1189 2098 induciae
1205 2069 1300 2106 datae,
1324 2079 1373 2110 15.

222 2115 397 2144 vincuntur
414 2123 431 2143 a
445 2113 557 2150 Tullo,
575 2121 624 2151 27.
640 2112 706 2143 vid.
722 2118 750 2141 e!
765 2121 815 2150 30.
831 2118 859 2140 et
875 2120 928 2150 42.

179 2156 329 2188 Veientes
343 2157 558 2196 Tarquinium
577 2157 694 2194 juvant
717 2155 756 2185 ad
778 2154 987 2194 repetendum
1005 2162 1152 2193 regnum,
1172 2163 1203 2190 2,
1220 2155 1249 2185 6.
1275 2155 1311 2185 lis
1327 2165 1374 2186 re-

224 2200 362 2230 stituitur
378 2209 463 2238 ager,
485 2210 533 2239 14.
555 2200 724 2229 Veientem
748 2207 875 2236 agrum,
900 2197 1017 2227 foedere
1041 2197 1079 2226 ad
1102 2196 1291 2227 Janiculum
1312 2198 1374 2229 iao

226 2242 382 2272 Romanis
403 2243 585 2278 ademtum,
603 2242 733 2272 restituit
759 2240 900 2277 Porsena,
922 2247 970 2279 ι5.
994 2238 1188 2278 populantur
1211 2239 1374 2271 Romano-

227 2295 299 2315 rum
315 2294 440 2325 agrum,
457 2295 510 2324 43.
535 2286 726 2315 minitantur
748 2283 776 2313 se
799 2289 1039 2323 oppugnaturos
1063 2281 1217 2317 Romam,
1234 2283 1305 2313 ibid.
1331 2285 1376 2314 la-

225 2328 348 2359 ceffunt
366 2327 529 2358 Romanos
547 2328 585 2357 ad
604 2336 761 2367 pugnarn,
777 2335 831 2366 45.
855 2327 1042 2361 vincuntur,
1059 2326 1111 2363 46.
1130 2330 1161 2354 et
1177 2333 1229 2363 47.
1253 2327 1373 2359 adsidui

230 2371 344 2410 magis,
359 2380 457 2411 quam
472 2380 595 2410 graves,
610 2371 727 2407 hostes,
743 2370 795 2410 48.
823 2368 908 2400 Fabii
925 2367 1098 2408 suscipiunt
1113 2367 1236 2400 bellum
1253 2372 1375 2409 privato
