1572 2616
451 161 823 192 HISTORIARUM
859 159 1067 190 LIBROS.
1322 160 1348 204 3

171 244 263 276 Aciei
290 242 446 274 Romanae
467 241 644 282 descriptio,
664 243 696 280 8,
712 243 743 272 8.
765 241 835 280 ejus
855 250 935 272 cum
958 240 1118 281 phalange
1141 239 1353 271 Macedonica

216 286 356 322 collatio,
395 307 405 322 ,
425 295 435 314 1
466 307 474 316 .

171 331 266 361 Acies
280 294 572 367 quom9odo9stru61a
587 327 674 367 apud
688 327 853 358 Romanos
867 333 899 358 et
914 328 1056 364 Latinos,
1072 329 1104 365 8,
1119 327 1150 357 8.

169 374 265 404 Acies
287 372 458 409 Romanae,
482 379 535 409 21,
554 378 605 411 55.
631 380 684 409 22,
699 378 753 412 45.
778 378 831 409 27,
851 380 900 411 ¹4·
926 379 979 409 30,
996 372 1028 402 8.
1042 376 1075 401 et
1092 379 1144 410 33.
1171 378 1223 409 33,
1241 369 1272 400 8.
1297 377 1351 408 37,

235 424 264 453 9.
313 424 343 451 2,
379 415 409 444 8.

169 422 411 494 —3Angibafis'
428 466 481 494 21,
497 464 547 497 55.
572 466 625 495 22,
641 466 674 497 4.
692 462 724 487 et
737 457 790 497 46.
816 465 869 496 30,
888 465 940 495 33.
955 462 986 487 et
1000 465 1053 498 35.

168 517 212 525 —
226 499 395 537 Antiochi,
413 507 466 538 37,
482 509 537 540 40.

167 559 213 567 —-
227 543 424 580 Asdrubalis,
443 552 495 581 23,
513 553 566 582 29.
591 548 644 580 27,
660 543 714 584 48.

167 602 212 610 —
227 586 411 623 Gallorum,
428 587 481 625 38,
499 587 551 616 26.

167 645 212 653 —
226 629 458 669 Hispanorum,
476 637 530 666 29,
549 638 580 659 2.

167 688 213 696 —
227 672 463 710 Macedonum,
481 681 534 710 33,
553 671 603 701 18.

168 730 214 740 -—
227 715 339 752 Persei,
354 724 409 754 42,
426 716 479 754 58.
501 723 557 754 44,
572 723 630 754 40.

167 774 214 782 —
228 758 363 794 Punica,
381 759 434 794 28,
452 766 502 796 14.

168 817 214 824 —
226 800 441 837 Rhodiorum,
456 809 512 839 33,
532 799 582 830 18.

170 844 309 874 Aciliani
325 843 397 874 libri
412 843 530 880 Graeci,
547 850 601 882 35,
623 851 671 882 ¹4·
696 841 730 872 in
746 841 900 873 Latinum
914 841 992 873 versi
1008 851 1027 872 a
1042 841 1191 880 Claudio,
1210 849 1262 883 25,
1281 851 1332 882 39.

170 887 208 917 C.
224 885 360 924 Acilius,
377 886 524 917 tribunus
539 885 653 926 plebis,
671 894 724 924 32,
742 895 794 926 29.

170 929 207 959 L.
223 928 361 967 Acilius,
377 938 431 968 40,
451 938 501 968 31.

171 971 232 1003 M'.
247 971 371 1002 Acilius
391 972 514 1010 legatus
535 971 576 1001 ad
596 970 824 1010 Ptolemaeum,
842 978 895 1009 27,
911 981 944 1011 4.
967 971 1001 1001 in
1022 971 1213 1002 sententiam
1226 970 1295 1010 ejus
1311 969 1355 1001 se-

216 1013 494 1045 natusconsultum
510 1014 559 1052 fit,
578 1021 630 1054 25.

172 1055 234 1087 M’.
246 1057 370 1087 Acilius
385 1057 529 1094 Glabrio,
546 1058 693 1087 tribunus
709 1057 823 1097 plebis,
841 1065 894 1096 30,
910 1065 965 1097 40.

255 1100 430 1131 Decemvir
444 1100 618 1137 sacrorum,
637 1109 691 1138 31,
706 1109 758 1140 50.

255 1142 372 1173 AEdilis
387 1142 501 1182 plebis,
520 1152 573 1181 33,
587 1152 640 1182 25.

255 1185 384 1222 Praetor,
403 1195 456 1224 33,
468 1196 523 1225 24.
547 1186 671 1216 sortitur
689 1184 942 1223 jurisdiffionem
965 1185 1047 1216 inter
1062 1185 1148 1216 clves
1170 1190 1203 1215 et
1223 1184 1358 1225 peregri-

214 1237 287 1265 nos,
304 1229 355 1259 26.
371 1228 473 1258 servos
489 1229 589 1259 vincit
604 1229 638 1258 in
655 1229 791 1267 Etruria,
807 1230 858 1268 36.

256 1271 362 1301 ambit
376 1271 595 1309 consulatum,
613 1279 666 1311 35,
688 1281 737 1303 10.

256 1313 375 1344 Consul
389 1321 526 1352 creatur,
544 1321 598 1354 35,
615 1324 667 1353 24.
682 1314 807 1345 sortitus
822 1313 998 1351 Graeciam,
1018 1313 1111 1344 ludos
1135 1322 1270 1353 magnos
1284 1313 1356 1344 Jovi

215 1362 322 1392 vovet,
341 1357 391 1395 36,
411 1366 437 1387 1.
453 1364 485 1387 et
503 1367 532 1388 2.
555 1357 726 1396 paludatus
742 1357 820 1387 urbe
839 1357 1008 1396 egreditur,
1026 1365 1055 1395 3.
1079 1357 1112 1387 in
1127 1356 1288 1387 Theffalia
1304 1366 1358 1386 ca-

215 1399 261 1437 pit
277 1399 460 1430 Limnaeum
476 1406 507 1429 et
522 1399 709 1430 Pellinaeum
727 1400 833 1436 urbes,
854 1409 902 1439 14.
920 1400 1128 1439 proficiscitur
1143 1400 1183 1429 ad
1197 1400 1358 1430 Thermo-

216 1440 318 1480 pylas,
340 1442 389 1471 16.
415 1442 484 1479 ejus
500 1441 540 1472 ad
556 1441 674 1472 milites
692 1442 805 1478 oratio,
824 1451 874 1477 ¹7·
899 1442 1022 1472 instruit
1043 1443 1158 1474 aciem,
1184 1443 1233 1472 ι8.
1262 1442 1359 1472 caedit

214 1484 430 1520 Antiochum,
447 1493 496 1522 ¹9·
512 1491 676 1525 expugnat
692 1484 897 1521 Heracleam,
916 1493 967 1515 22.
987 1493 1037 1523 23.
1055 1493 1106 1523 24.
1130 1485 1170 1514 ab
1185 1493 1224 1515 eo
1240 1493 1356 1524 pacem

215 1532 329 1565 petunt
340 1526 456 1565 AEtoli,
470 1535 522 1565 27,
538 1528 589 1558 28.
606 1527 727 1558 obsidet
740 1527 960 1567 Naupactum,
974 1533 1006 1557 et
1019 1526 1152 1558 Herculi
1165 1527 1357 1558 sacrificium

216 1569 304 1606 facit,
343 1579 374 1600 0.

258 1578 378 1642 corgna
403 1612 504 1652 cingit
528 1613 688 1650 Lamiam,
716 1620 766 1652 37,
787 1624 820 1654 4.
847 1621 921 1643 eam
947 1613 1044 1652 capit,
1062 1622 1092 1653 5.
1116 1613 1296 1653 triumphat
1317 1613 1358 1644 de

214 1653 378 1686 Antiocho
400 1661 432 1686 et
454 1655 586 1693 AEtolis‚
600 1657 655 1695 46.
677 1657 757 1696 petit
778 1656 958 1693 censuram,
981 1655 1045 1695 sed,
1062 1657 1229 1687 accusatus
1243 1665 1263 1686 a
1277 1657 1357 1687 duo·

215 1696 276 1727 bus
291 1697 426 1728 tribunis
441 1698 555 1738 plebis,
571 1699 722 1738 petitione
736 1699 863 1735 desistit,
881 1706 935 1738 57.

174 1738 364 1770 M'.Acilius
377 1740 507 1771 Glabrio
519 1741 672 1772 duumvir
685 1742 810 1772 Pietatis
821 1741 924 1772 aedem
937 1741 1075 1779 dedicat,
1087 1751 1142 1782 40,
1155 1751 1206 1781 34.
1219 1742 1356 1772 statuam

215 1789 374 1821 auratam,
390 1785 541 1814 omnium
557 1784 590 1813 in
608 1784 698 1814 Italia
713 1786 866 1824 primam,
884 1785 974 1824 ponit
989 1785 1070 1823 patri
1086 1785 1266 1823 Glabrioni,
1282 1784 1354 1815 ibid.

175 1824 218 1855 Q.
232 1825 367 1863 Acilius,
383 1827 529 1857 triumvir
542 1826 678 1858 coloniae
692 1828 900 1862 deducendae.
919 1837 973 1867 21,
990 1836 1042 1868 25.

174 1866 290 1905 Acilla,
307 1867 342 1899 it.
357 1869 508 1906 Acholla,
525 1879 578 1908 33,
593 1872 647 1910 48.

172 1911 279 1947 Acrae,
296 1920 350 1950 24,
368 1913 418 1949 36.

172 1953 355 1993 Acraephia,
371 1954 540 1993 oppidum,
559 1963 613 1993 33,
630 1963 680 1992 29.

173 1996 306 2026 Acraeus
318 1997 453 2036 Jupiter,
471 1998 525 2037 38,
544 2008 574 2028 2.
619 1999 731 2028 Acraea
745 1998 844 2036 Juno,
863 2007 917 2037 32,
934 2007 986 2038 23.

172 2037 300 2069 Acrillae
315 2039 402 2075 urbs,
418 2049 472 2078 24,
488 2048 540 2080 35.

173 2082 436 2120 Acrocorinthus,
456 2091 509 2122 33,
527 2092 579 2121 31.
604 2093 657 2123 34,
673 2092 727 2122 49.
742 2090 793 2123 50.

173 2123 304 2154 Aetium
320 2134 424 2163 prom.
437 2135 494 2164 44,
516 2135 543 2156 1.
567 2126 650 2166 Epit.
670 2135 741 2166 133.

173 2165 270 2195 Actor
286 2167 436 2206 tragicus,
454 2177 506 2207 24,
522 2178 574 2208 24.

175 2207 303 2238 ACtores
318 2209 507 2241 fabellarum
521 2211 757 2247 Atellanarum,
772 2211 838 2242 vid.
854 2210 1025 2242 Atellanae.

178 2248 225 2279 Μ.
238 2251 386 2289 Acutius,
403 2254 550 2284 tribunus
565 2254 678 2293 plebis,
697 2263 728 2294 5,
746 2264 794 2285 10.

177 2292 314 2329 Addieti,
331 2295 397 2325 vid.
414 2296 471 2326 AEs
486 2296 644 2335 alienum,
657 2304 690 2325 ret
706 2297 801 2327 Nexi.

176 2335 363 2382 Adherbalis
386 2346 463 2368 cum
486 2339 583 2371 Laelio
606 2349 715 2381 pugna
729 2340 762 2371 in
778 2340 857 2372 freto
871 2339 1046 2379 Gaditano,
1070 2340 1124 2380 28,
1143 2349 1194 2381 30.
1242 2340 1310 2372 Vid.
1328 2348 1355 2372 et

218 2377 300 2417 Epit.
319 2381 370 2411 62.
384 2380 436 2420 63.
454 2383 505 2421 64.

734 2425 759 2455 Β
776 2435 794 2457 2
