1572 2616
495 106 751 135 PATRlclsz
789 105 1007 133 GENfrEs.
1263 105 1340 149 113

500 325 768 383 AQUILIA
808 326 983 378 GENS,

329 428 393 464 Ab
412 426 549 475 aquilo,
572 426 609 463 id
629 426 681 462 est
700 428 806 476 nigro
826 427 966 465 colore.
1024 427 1163 465 Festus.

230 637 267 668 C.
295 635 506 667 AQUIthJS
535 637 551 653 ἢ
566 633 765 666 SABINUS.
809 633 928 665 Consul
954 643 1031 664 cum
1054 634 1095 665 Τ.
1119 634 1261 673 Sicinio,.

230 690 318 711 anno
335 680 409 710 266.
454 678 627 718 Dionysius
643 678 724 708 libro
740 677 807 707 viii.
848 677 956 708 Livius
970 677 1051 707 libro
1068 678 1100 708 ii.
1147 677 1257 716 Hujus

230 731 382 763 nepotem
399 721 489 752 fuisse
502 728 627 761 oportet
639 731 730 761 eum,
747 721 802 761 qui
815 726 848 750 et
862 721 960 751 Caius
971 720 1075 751 dieius
1090 721 1147 760 est,
1161 721 1256 760 cujus

229 767 288 798 filii
305 767 403 797 fuere.

143 895 192 926 M.
217 893 428 926 AQUILIUS
451 893 490 924 C.
578 893 613 923 L.
651 892 864 924 AQUILIUS
902 892 939 923 C.
976 893 1012 922 F.
1044 891 1118 922 *N.
1157 892 1342 925 CORVUS.

145 948 175 969 r.
214 942 232 959 ’ἅ
246 949 279 968 s.
326 946 490 968 snmus.
576 936 742 967 Tribunus
758 936 915 973 militum,
932 945 1019 966 anno
1036 937 1108 975 367.
1133 936 1241 967 Livius
1258 937 1313 969 vii.

142 983 193 1012 De
217 991 282 1021 quo
301 980 383 1011 nihil
399 989 492 1011 com-

143 1026 222 1066 perti
238 1024 354 1054 habeo.
578 1021 628 1052 M.
650 1021 862 1052 AQUILIUS
888 1021 946 1051 Μ’.
965 1021 998 1051 F.
1017 1021 1076 1052 Μ’.
1100 1021 1142 1052 N.
1160 1021 1340 1053 GALLUS.

314 1067 326 1096 1
577 1064 695 1094 Consul
728 1074 806 1094 cum
845 1065 881 1095 C.
913 1064 1116 1103 Sempronio,
1149 1074 1235 1094 anno
1266 1066 1341 1105 624.

143 1109 180 1140 C.
202 1109 415 1140 AOUILIUS
441 1108 488 1138 M.
577 1107 786 1138 Caffiodorus.
810 1107 952 1137 Velleius
968 1107 1048 1137 libro
1065 1109 1097 1137 ii.
1123 1108 1341 1139 AfiaticibeHi

145 1163 172 1183 r.
207 1163 238 1183 c.
272 1163 307 1182 N.
341 1161 489 1182 nonus.
576 1151 725 1190 reliquias
741 1151 892 1181 confecit.
917 1150 1027 1181 Florus
1044 1150 1123 1181 libro
1140 1152 1172 1181 ii.
1192 1161 1243 1182 20.

141 1196 259 1226 Consul
274 1205 350 1226 cum
367 1196 398 1225 L.
413 1195 490 1225 Cor·
957 1194 969 1223 l

141 1238 243 1275 nelio‚
288 1247 375 1268 anno
410 1247 486 1276 494.
576 1236 636 1266 Μ’.
659 1236 871 1267 AQUILIUS
896 1236 944 1266 M.
964 1237 998 1266 F.
1023 1237 1081 1267 M’.
1097 1237 1140 1266 N.
1158 1237 1340 1268 GALLUS.

142 1281 354 1311 Caffiodorus.
409 1281 490 1310 Oro·
575 1279 696 1309 Consul
713 1289 791 1309 cum
807 1279 844 1309 C.
863 1279 979 1317 Mario,
997 1289 1084 1309 anno
1102 1281 1175 1319 652.
1222 1280 1341 1311 Caffio-

141 1324 203 1354 sxus
219 1323 299 1354 libro
313 1325 355 1353 iv.
370 1331 401 1360 7.
575 1322 683 1352 dorus.
728 1322 883 1353 Meminit
896 1322 1007 1353 Cicero
1021 1332 1080 1362 pro
1097 1323 1228 1353 Scauro.

141 1409 178 1439 C.
196 1409 407 1439 AGUILIUS
424 1407 482 1437 Μ’
502 1408 535 1437 F.
553 1408 602 1438 M.
619 1407 663 1438 N.
679 1407 858 1438 GALLUS.
903 1409 1033 1446 Praetor,
1056 1417 1143 1438 anno
1164 1410 1237 1445 687.
1283 1409 1342 1439 Ci-

141 1461 213 1482 cero
231 1462 286 1491 pro
302 1451 463 1482 Cluentio.
487 1451 679 1481 Officiorum
696 1452 803 1481 tertio:
824 1452 856 1481 in
872 1452 1013 1491 Topicis.
1038 1452 1195 1482 Summus
1208 1453 1261 1482 hic
1277 1446 1340 1484 fuit¹

139 1494 391 1533 jurisconsultus.
416 1494 527 1524 Cicero
544 1504 601 1535 pro
619 1493 793 1525 auinffio:
819 1504 876 1535 pro
892 1494 1033 1525 Caecina.
1068 1495 1264 1536 Pomponius
1281 1495 1338 1529 lib.

141 1538 174 1569 ii.
199 1538 236 1568 de
251 1537 403 1578 Origine
392 1538 486 1576 juris.

439 1730 812 1786 QUINCTILIA
856 1731 1030 1774 GENS.

138 1947 534 1979 SEX.QU1NCT1L1US
559 1950 648 1980 SEX.
677 1952 710 1981 F.
735 1952 767 1982 Ρ.
788 1952 830 1982 Ν.
849 1952 1003 1983 VARUS.
1050 1953 1168 1984 Consul
1194 1963 1271 1984 cum
1296 1953 1330 1984 P.

137 1991 291 2025 Curiatio.
308 2001 395 2021 anno
414 2001 485 2029 300.
517 1992 728 2024 Caffiodorus.
762 1996 797 2026 ln
813 1997 995 2035 magistratu
1015 2005 1160 2027 mortuus
1176 1998 1230 2028 est.
1254 1997 1334 2028 Dio-

138 2034 244 2073 nysius
262 2035 315 2064 lib.
332 2045 365 2064 x.
392 2036 498 2065 Livius
513 2035 569 2067 lib.
587 2037 631 2067 iii.

138 2118 185 2148 M.
212 2119 497 2150 QUINCTILIUS
523 2122 613 2152 SEX.
632 2122 665 2152 F.
689 2080 780 2154 SEIX.
799 2124 839 2153 N.
856 2124 1011 2156 VARUS.
1057 2125 1221 2156 Tribunus
1245 2126 1332 2156 mili·

137 2168 224 2199 tum,
241 2171 326 2192 anno
344 2171 416 2202 350.
443 2164 548 2195 Livius
565 2165 646 2196 libro
663 2175 691 2195 v.

135 2245 206 2275 CN.
233 2246 517 2279 QUINCTILIUS
536 2249 583 2280 Μ.
602 2251 634 2280 F.
651 2209 742 2281 SEXI.
760 2252 803 2283 N.
819 2251 972 2284 VARUS.
1019 2254 1161 2286 Difflator
1185 2255 1266 2286 clavi
1292 2256 1330 2285 fi·

138 2289 230 2328 gcndi
246 2290 351 2325 causa,
368 2300 454 2321 anno
468 2301 543 2330 422.
571 2294 676 2324 Livius
692 2294 771 2324 libro
788 2296 851 2325 viii.

706 2381 760 2420 S3

1559 2082 1572 2616 ‚mmm—.—
1570 2050 1572 2054 .
