1572 2616
501 104 735 134 PLEBEIAE
773 103 990 134 GENTES.
1254 99 1330 144 147

242 324 525 368 CLAUDIA
555 323 1037 367 MARCELLORUM
1070 322 1245 364 GENS.

149 559 379 613 ALTERA
400 576 482 614 haec
499 576 747 614 Claudiorum
767 587 858 624 gens
877 573 941 617 est,
953 579 991 610 et
1007 573 1160 623 quidem
1180 571 1342 622 plebeia.

149 643 379 692 Regillenses
407 645 512 680 enim
541 643 704 687 Claudii,
724 644 816 680 item
846 642 1009 686 Pulchri,
1027 649 1066 678 et
1085 642 1261 679 Nerones
1279 651 1345 689 pa-

150 707 245 743 tricii
263 706 348 743 sunt
364 724 374 754 3
405 702 542 756 plebeii
560 707 745 743 Marcelli.
803 707 911 742 Licet
938 712 1066 742 autem
1095 704 1260 741 conditio
1279 702 1346 739 ha-

150 782 235 806 rum
254 770 424 818 gentium
445 770 585 807 diversa
605 771 661 814 fit,
683 769 870 819 originem
892 776 993 806 certe
1014 767 1205 816 utriusque
1225 767 1346 816 gentis

151 834 313 870 eandem
333 834 479 882 prorsus
498 835 570 871 effe
586 836 729 883 opinor.
787 834 874 870 Hoc
893 845 982 870 vero
1001 833 1088 881 quid
1110 832 1167 876 fit,
1187 832 1349 867 breviter

151 900 397 948 aperIendum
430 901 576 938 censeo,
632 902 726 938 Tres
760 901 989 950 potiffimum
1023 899 1148 936 causas
1186 898 1347 947 reperio,

153 976 268 1012 quare
298 966 408 1001 unius
440 967 560 1014 gentis
593 978 635 1001 ac
669 966 832 1001 nominis
864 965 1030 1008 familiae,
1066 964 1230 1013 patriciae
1266 963 1350 999 aliae

155 1026 238 1072 fint,
259 1027 339 1064 aliae
361 1028 528 1077 plebeiae.
586 1030 707 1065 Prima
726 1029 791 1072 est,
813 1028 954 1065 diversa
973 1035 1011 1064 et
1036 1027 1215 1064 diffimilis
1234 1040 1352 1077 gene-

154 1093 202 1128 ris
221 1094 337 1142 origo.
388 1093 446 1129 Sic
464 1093 581 1129 Tullii
601 1093 660 1129 alii
681 1106 701 1129 a
722 1095 799 1131 Ser.
818 1093 962 1137 Tullio,
984 1094 1043 1129 alii
1065 1106 1085 1129 a
1103 1093 1219 1130 Tullo
1238 1094 1350 1131 Aetio

154 1155 377 1193 Volscorum
406 1169 494 1206 rege
522 1158 592 1194 orti
620 1149 772 1194 suntet
798 1158 1005 1206 procreati:
1038 1157 1092 1193 illi
1124 1157 1281 1206 patricii,
1311 1157 1350 1194 hi

154 1220 276 1268 plebei
297 1235 305 1255 :
337 1221 389 1256 illi
420 1222 553 1269 Longi,
575 1221 613 1257 hi
643 1222 846 1258 Cicerones
866 1221 1119 1271 cognominati
1137 1220 1247 1258 sunt:
1279 1233 1352 1270 qua

156 1285 202 1320 de
223 1297 262 1320 re
281 1285 416 1321 Cicero
444 1286 490 1321 de
519 1285 624 1321 claris
645 1286 750 1322 Orat.
771 1286 871 1335 quod
893 1287 993 1323 idem
1012 1287 1059 1323 de
1082 1287 1252 1336 Sulpiciis
1283 1288 1350 1325 lib.

156 1351 206 1387 iii.
225 1351 378 1387 Tacitus
396 1351 517 1387 tradit.
559 1351 656 1387 Haec
677 1351 797 1399 prima
817 1351 922 1387 causa
943 1352 1006 1387 est.
1048 1352 1191 1395 Altera,
1210 1354 1351 1390 crebrae

155 1413 382 1450 familiarum
401 1414 446 1450 ad
466 1414 618 1462 plebem
647 1414 901 1451 transitiones:
933 1413 1041 1463 cujus
1071 1416 1123 1451 rei
1153 1416 1352 1453 Suetonius

156 1480 283 1516 ametor
303 1480 366 1522 est,
385 1480 448 1528 qui
469 1479 665 1517 oetaviam
686 1486 841 1529 gentem
862 1481 957 1516 inter
976 1480 1149 1528 patricios
1167 1481 1352 1528 allectam,

155 1545 200 1581 ad
231 1545 381 1594 plebem
412 1544 571 1582 tranfiffe
600 1544 735 1581 scribit.
793 1545 925 1581 Parem
945 1550 982 1581 et
1003 1545 1163 1582 similem
1191 1547 1352 1597 Calpur-

157 1609 244 1649 niae,
268 1609 496 1657 Pomponiae,
521 1608 691 1652 Marciae,
714 1608 869 1651 Muciae,
890 1608 1050 1645 eandem
1069 1621 1219 1658 quoque
1241 1609 1352 1659 hujus

158 1670 326 1706 Claudiae
347 1671 467 1720 gentis
486 1672 668 1708 rationem
697 1670 770 1707 effe
796 1671 919 1708 duco:
951 1678 994 1708 ut
1022 1684 1107 1720 quae
1135 1684 1184 1708 ex
1211 1673 1353 1710 Sabinis

156 1734 326 1777 oriunda,
348 1747 437 1771 cum
458 1735 567 1771 Αὸὶίο
585 1734 721 1771 Clauso
742 1736 777 1771 in
798 1736 931 1772 urbem
953 1735 1132 1784 migrarit,
1154 1735 1267 1785 longo
1284 1737 1351 1773 de-

157 1801 242 1836 inde
262 1801 440 1848 temporis
461 1800 656 1836 intervallo
683 1800 727 1836 ad
757 1799 909 1848 plebem
930 1799 965 1836 se
986 1800 1185 1836 contulerit
1206 1817 1213 1837 :
1245 1800 1352 1852 cujus

156 1864 311 1912 quidem
331 1864 383 1899 rei
401 1862 550 1899 causam
570 1875 684 1899 nemo
711 1863 833 1899 adhuc
863 1863 1026 1906 tradidit,
1055 1875 1126 1912 ego
1154 1863 1250 1901 hanc
1276 1866 1350 1904 effe

156 1926 379 1963 veriffimam
399 1927 581 1969 existimo,
602 1939 716 1975 quam
746 1927 832 1962 licet
860 1925 1081 1975 perspicere,
1102 1926 1126 1963 fi
1147 1934 1185 1963 et
1203 1940 1351 1966 memo-

156 1992 248 2028 riam
268 1999 481 2040 temporum
503 1991 696 2039 replicare,
717 1997 754 2027 et
774 1990 988 2039 reipublicae
1017 1991 1197 2027 Romanae
1218 1992 1350 2031 statum

157 2054 355 2103 diligenter
386 2054 617 2104 perpendere
650 2055 818 2091 velimus.
879 2054 1117 2103 Perspicuum
1153 2057 1253 2092 enim
1283 2058 1349 2103 est,

157 2118 371 2166 constatque
402 2120 496 2155 inter
524 2131 671 2162 omnes,
701 2118 875 2163 honores,
903 2119 1147 2168 magistratuS‚
1179 2121 1350 2169 imperia,

159 2182 195 2217 in
226 2182 352 2230 populi
373 2182 478 2219 fuifl'e
499 2183 698 2231 potestate:
732 2195 850 2231 eaque
871 2183 996 2220 omnia
1016 2184 1061 2219 ad
1082 2189 1218 2220 nutum
1237 2191 1276 2221 et
1294 2197 1350 2222 ar-

158 2246 309 2283 bitrium
339 2246 588 2283 multitudinis
613 2247 860 2284 administrata
885 2247 970 2292 esse,
991 2260 1104 2285 nemo
1130 2247 1182 2284 est
1208 2248 1270 2298 qui
1290 2248 1350 2285 vel
