1572 2616
177 206 263 253 254
527 209 694 241 INDEX
728 212 783 241 ΙΝ
817 211 863 242 Τ.
887 212 1021 243 L1v11

173 289 212 319 C.
229 288 422 328 Trebonius,
438 289 587 322 tribunus
602 290 718 331 plebis,
737 301 769 334 5,
790 301 839 324 11.

174 331 211 361 C.
229 331 422 370 Trebonius,
439 332 574 373 legatus,
595 344 647 372 10,
661 344 715 375 40.

175 374 211 405 1..
227 374 420 413 Trebonius,
437 377 584 408 tribunus
601 378 716 417 plebis,
733 378 900 409 inseetatur
918 379 1036 416 Patres,
1051 378 1139 409 unde
1153 377 1271 420 Aspero
1286 379 1369 410 indi—

217 424 289 448 tum
306 428 502 458 cognomen,
522 429 554 459 3,
572 423 624 460 65.
646 421 715 459 ejus
730 424 863 461 rogatio,
879 421 952 452 ibid.

173 460 224 492 M.
239 461 433 499 Trebonius,
451 464 598 494 tribunus
614 464 759 495 militurn
774 464 931 495 consulari
947 466 1110 505 potestate,
1127 465 1160 503 6,
1179 474 1232 496 21.

171 503 325 543 Trebula,
341 505 429 543 urbs,
447 516 500 544 23,
520 516 571 545 39.

170 546 376 578 Trebulanus
391 558 473 588 ager,
493 559 545 587 23,
567 559 616 589 14.

170 589 364 621 Trebulanis
380 592 454 621 data
469 593 594 628 civitas,
616 601 666 630 10,
688 603 715 623 1.

171 633 210 664 C.
224 634 429 672 Tremellius,
446 635 607 665 decemvir
622 645 697 676 agro
712 636 900 673 dividundo,
917 645 972 675 42,
987 647 1019 676 4.

170 676 233 707 Cn.
249 677 442 708 Tremellius
466 678 612 715 Flaccus,
629 681 827 718 quaestorius,
843 681 877 710 in
893 679 1001 709 Asiam
1019 679 1058 708 ad
1072 677 1219 709 Attalum
1241 677 1366 717 legatus

215 720 368 758 mittitur,
387 730 438 761 29,
460 730 508 752 11.
531 722 632 752 aedilis
648 722 761 762 plebis,
782 732 834 760 30,
852 724 902 755 26.
927 729 1050 752 creatur
1065 728 1191 761 praetor,
1208 721 1278 751 ibid.
1302 722 1365 752 sor-

213 764 290 792 titur
303 763 462 801 Siciliam,
482 771 534 801 27.

171 805 233 836 Cn.
248 806 456 844 Tremellius,
471 807 616 838 tribunus
632 807 744 847 plebis,
761 817 816 848 45,
839 814 888 848 15.

169 848 303 886 Treviri,
321 859 339 879 a
355 850 475 880 Caesare
490 850 578 886 viffi,
594 851 677 890 Epit.
698 859 768 888 107.

167 892 294 929 Triarii,
311 892 442 930 milite5‚
459 903 491 929 2,
508 900 561 933 47.
587 901 619 930 7,
638 904 688 933 23.
714 895 746 931 8,
764 895 794 925 8.
818 903 889 931 cur,
912 901 943 924 et
967 903 1033 934 quo
1057 893 1144 924 sensu
1168 893 1292 923 dicatur
1314 901 1362 923 res

213 935 252 964 ad
268 935 405 965 Triarios
421 936 553 971 rediifle,
569 935 640 968 ibid.

169 977 207 1008 C.
221 978 376 1015 Triarius,
394 979 528 1018 legatus,
547 979 630 1018 Epit.
649 981 700 1020 98.

166 1020 324 1051 Tribunal
343 1022 496 1061 praetoris,
515 1030 566 1059 27,
584 1031 635 1061 50.

166 1063 325 1094 Tribunal
342 1065 480 1094 consulis
494 1065 632 1095 Romani
651 1065 885 1096 Macedonibus
900 1065 944 1095 est
960 1065 1079 1099 terrori,
1093 1072 1148 1105 45,
1166 1074 1216 1104 29.

167 1106 357 1137 Tribunalia
369 1118 387 1138 a
404 1109 590 1147 praetoribus
607 1109 645 1138 ad
662 1109 821 1139 Piscinam
838 1108 1003 1148 publicam
1020 1108 1132 1147 posita,
1152 1117 1204 1146 23,
1223 1115 1275 1145 32.

167 1149 324 1180 Tribunal
342 1151 373 1180 in
391 1152 509 1186 castris,
528 1153 580 1187 28,
599 1159 649 1187 27.

167 1193 334 1223 Tribunus
352 1193 517 1230 Celerum,
539 1204 567 1230 r,
585 1201 636 1233 59.

166 1235 304 1266 Tribuni
332 1237 476 1266 militurn
502 1237 534 1266 in
562 1236 727 1266 seceffione
753 1236 897 1267 militum
921 1236 962 1265 ab
987 1235 1179 1265 exercitibus
1203 1235 1311 1272 creati,
1328 1245 1361 1273 3,

213 1287 265 1308 n.

166 1321 301 1352 Tribuni
320 1321 464 1352 militum
481 1323 586 1361 primo
608 1322 648 1351 ab
672 1321 929 1361 imperatoribus,
945 1321 1018 1351 dein
1036 1321 1146 1361 populi
1162 1321 1306 1360 suffragio
1321 1330 1361 1351 ex

211 1371 297 1403 parte
314 1365 399 1402 facti,
418 1372 447 1402 7,
467 1372 496 1404 5.
513 1365 579 1394 vid.
596 1372 624 1393 et
637 1374 667 1402 9,
683 1375 734 1404 30.

166 1407 356 1446 —legionis
374 1408 498 1446 primae,
517 1408 674 1441 secundae,
692 1409 805 1446 tertiae,
824 1418 877 1446 22,
897 1415 949 1448 53.

167 1468 211 1474 —
226 1450 354 1480 alternis
370 1451 583 1488 imperabant,
598 1460 652 1489 40,
669 1461 722 1489 4¹·

167 1510 211 1518 -
228 1499 352 1532 propter
368 1493 491 1523 bellum
509 1494 775 1531 Macedonicum,
794 1503 859 1523 non
880 1493 1031 1532 suffragiis
1055 1493 1163 1529 creati,
1181 1492 1231 1522 sed
1247 1501 1266 1522 a
1282 1501 1373 1530 cons

211 1536 331 1566 sulibus
346 1537 593 1575 praetoribusque
608 1537 694 1574 faffi,
713 1547 765 1576 42,
785 1547 836 1575 31.

166 1596 210 1603 —-
226 1579 348 1609 rursum
365 1588 383 1609 a
400 1580 518 1618 populo
535 1589 574 1609 ex
591 1587 677 1618 parte
693 1581 801 1616 creati,
819 1589 874 1618 43,
896 1589 945 1618 14.
969 1588 1024 1617 44,
1045 1588 1095 1608 21.

165 1621 302 1653 Tribuni
319 1622 462 1652 militum
479 1622 634 1652 consulari
651 1623 801 1662 potestate
816 1629 878 1651 tres
894 1631 1029 1651 numero
1043 1621 1184 1660 primum
1201 1620 1306 1653 creati,
1323 1629 1358 1659 4,

212 1665 242 1694 6.
259 1670 289 1693 et
309 1671 336 1700 7.

166 1724 210 1732 -—
225 1707 345 1737 abeunt
359 1708 493 1743 honore,
511 1707 597 1746 quasi
614 1708 693 1737 vitio
708 1708 816 1744 creati,
832 1705 905 1736 ibid.

166 1768 211 1774 —
224 1758 360 1789 quatuor
375 1757 534 1787 creantur,
548 1761 581 1790 4,
599 1759 614 1789 3
624 1760 633 1780 1
643 1773 652 1781 .

166 1810 208 1816 —-
225 1794 289 1830 sex,
307 1803 340 1832 4,
359 1794 412 1823 61.

166 1853 210 1858 -—
224 1836 308 1872 οξὶο,
324 1845 356 1875 5,
378 1846 403 1866 1.

163 1879 327 1909 Tribunos
344 1878 487 1909 militum
503 1879 658 1910 consulari
682 1880 833 1918 potestate
856 1879 965 1914 creari,
982 1878 1136 1907 evincunt
1155 1876 1273 1907 tribuni
1292 1876 1359 1916 ple-

209 1922 272 1958 bis,
289 1931 322 1960 4,
340 1928 390 1960 25.
416 1931 493 1951 mox
517 1928 600 1952 vetat
624 1923 762 1959 senatus,
780 1922 996 1960 decernitque,
1013 1928 1048 1951 ut
1064 1920 1239 1950 consularia
1255 1921 1359 1950 comi-

212 1965 256 1994 tia
272 1964 462 2000 habeantur,
482 1964 553 1994 ibid.

166 2007 301 2038 Tribuni
320 2006 462 2036 militurn
478 2007 634 2036 consulari
653 2008 803 2046 potestate
827 2007 949 2047 patricii
971 2016 1083 2036 omnes
1099 2005 1192 2035 creati
1211 2014 1264 2044 per
1279 2013 1354 2043 quae

210 2056 283 2079 tuor
298 2056 327 2078 et
343 2050 551 2088 quadraginta
566 2059 682 2085 annos,
701 2052 733 2087 6,
750 2057 788 2088 37

165 2093 331 2123 Tribunus
349 2092 490 2122 militum
507 2092 663 2122 consulari
681 2095 831 2130 potestate
846 2102 886 2122 ex
902 2091 993 2131 plebe
1010 2091 1148 2130 primus,
1162 2097 1194 2130 5,
1214 2098 1263 2120 12.

166 2135 302 2166 Tribuni
321 2134 420 2173 plebis
432 2135 574 2174 primurn
589 2137 698 2173 creati,
717 2146 748 2172 2,
767 2145 818 2174 33.

167 2195 210 2202 -
226 2177 423 2213 sacrosanRi,
439 2177 510 2207 ibid.
528 2185 556 2206 et
574 2187 604 2216 3,
623 2186 675 2217 55.

166 2238 211 2246 —
225 2229 291 2249 non
310 2221 432 2259 populi,
445 2220 494 2249 sed
510 2220 609 2259 plebis
627 2221 839 2260 magistratu8‚
858 2230 888 2255 2,
906 2219 956 2259 56.
974 2218 1040 2248 vid.
1053 2224 1081 2248 et
1097 2225 1149 2257 35.

166 2280 210 2288 —
226 2263 351 2293 tributis
366 2263 507 2292 comitiis
522 2264 617 2293 creari
631 2262 797 2300 jubentur,
812 2273 844 2300 2,
862 2263 1001 2303 56—58.
1029 2269 1228 2300 numeroque
1243 2269 1356 2290 eorum

213 2313 272 2336 tres
288 2306 461 2338 adduntur,
476 2315 515 2335 ex
531 2306 653 2343 Pisone,
668 2305 739 2337 ibid.

166 2366 210 2372 -—
224 2347 337 2377 decem
355 2355 513 2384 creantur,
532 2359 563 2386 3,
582 2357 632 2387 30.

164 2408 210 2415 --
223 2390 393 2427 tolluntur,
409 2391 596 2421 decemviris
613 2391 774 2427 institutis,
790 2399 822 2428 3,
841 2399 892 2429 32.

164 2451 210 2459 —
223 2434 441 2472 restituuntur,
457 2433 568 2465 iisdem
584 2433 726 2471 sublatis,
746 2443 776 2472 3,
794 2440 845 2474 54.
