1572 2616
227 172 307 228 238
570 183 732 212 1NDEx
770 183 824 212 IN
859 183 1069 214 T.L1v11

265 262 414 303 Popillio,
434 272 483 294 21.
501 262 539 293 de
562 263 599 293 iis
626 263 759 302 rogatio,
775 262 847 294 ibid.
861 263 894 293 in
916 272 1029 294 eorum
1049 264 1185 304 gratiam
1208 263 1409 295 senatuscon-

267 307 399 341 sultum,
417 315 468 337 22.

225 349 346 379 Marius
363 348 517 385 Statilius,
531 347 597 377 vid.
612 347 743 378 Marius.

223 393 407 422 Stationum
425 392 502 420 ratio
520 397 643 420 mutata
659 401 676 420 a
693 389 803 420 Paullo
818 390 962 425 AEmilio,
978 400 1034 431 44,
1049 401 1100 430 33.

224 436 344 465 Statius
357 434 492 463 Trebius
507 433 674 473 pollicetur
689 433 718 463 se
735 434 925 464 traditurum
941 435 1114 474 Compsam
1130 433 1296 470 Annibali,
1313 443 1366 472 23,
1385 443 1413 464 1.

223 479 343 509 Statius
360 476 494 513 Gellius,
516 477 689 515 impetator
704 476 915 514 Samnitium,
932 478 966 508 in
987 477 1100 517 proelio
1122 478 1246 517 capitur
1259 486 1278 507 a
1292 477 1412 507 Roma*

267 530 330 556 ¹¹18,
348 528 379 557 92
395 528 449 557 44·

222 562 342 592 Statius
358 562 490 597 Metius,
509 560 673 600 praefeetus
690 561 822 600 praefidii
838 561 978 599 Casilini,
996 571 1048 601 24,
1066 571 1116 602 19.

223 605 265 634 Τ.
283 605 413 640 Statius,
427 605 574 634 tribunus
589 603 702 642 plebis,
720 605 807 634 diem
823 605 901 635 dicit
915 605 969 644 Sp.
985 604 1131 644 Servilio,
1149 614 1180 643 2,
1195 612 1248 646 52.

225 648 330 677 Stator
345 648 482 686 Jupiter,
499 646 565 677 vid.
581 648 716 686 Jupiter.

223 690 379 720 Statorius
394 690 434 720 ad
449 690 645 730 Syphacem,
659 689 878 720 Numidarum
893 699 1013 729 regern,
1027 699 1047 725 a
1061 689 1265 729 Scipionibus
1279 689 1415 719 mittitur

266 732 402 772 legatus,
421 742 474 772 24,
492 734 543 772 48.
568 742 609 762 ex
628 733 798 770 juventute
815 734 878 772 regi
903 734 1023 773 pedites
1041 733 1223 769 conscribit,
1240 739 1270 763 et
1286 732 1326 762 ad
1342 741 1414 762 mo·

266 785 335 805 rem
348 775 571 805 Romanorum
586 776 711 806 ordinat
723 782 754 805 et
767 777 903 812 instruit,
920 776 992 807 ibid.
1004 776 1070 807 vid.
1086 782 1114 806 et
1132 785 1184 814 30,
1201 777 1253 807 28.

223 817 336 848 Statua
351 819 452 848 Accio
468 818 574 847 Navio
588 819 699 848 Romae
717 817 829 857 pofita,
848 827 876 855 1,
890 820 941 856 36.

221 877 266 884 —
279 861 432 891 Antiochi
447 862 480 891 in
494 861 649 891 Minervae
667 861 780 890 Itoniae
794 860 928 900 templo,
948 861 1002 899 36,
1021 869 1076 892 20.

222 919 266 927 ——
281 903 409 933 Camilli
427 910 458 933 et
474 903 598 940 Maenii,
614 903 797 941 consulum,
812 905 845 934 in
861 904 941 941 foro,
955 904 986 942 8,
1008 910 1071 943 13q‘

223 962 269 969 -—-
283 946 406 976 Cloeliae
423 947 455 975 in
470 946 567 976 Sacra
579 947 642 981 via,
662 957 692 983 2,
714 955 764 984 13.

222 1004 267 1011 —
283 989 406 1018 Horatii
425 989 556 1018 Coclitis
573 988 606 1018 in
622 989 777 1025 Comitio,
797 999 828 1025 2,
846 998 895 1018 10.

222 1047 266 1055 —
283 1031 431 1068 Manicii,
448 1031 712 1061 Praenestinorum
725 1031 876 1070 praefefiti,
892 1030 1036 1067 loricata,
1051 1038 1104 1068 23,
1124 1039 1174 1070 ¹9·

222 1089 266 1096 ——
282 1074 404 1110 Martii,
422 1074 573 1110 consulis,
590 1075 621 1103 in
638 1074 705 1104 foro
721 1080 794 1104 ante
809 1073 971 1113 templum
987 1073 1135 1110 Castoris,
1152 1084 1184 1114 9,
1195 1082 1250 1112 43.

221 1133 265 1139 —
280 1117 432 1156 Philippi,
447 1118 526 1156 regis
543 1117 777 1154 Macedonum,
795 1127 849 1157 31,
865 1126 917 1155 23.
930 1122 961 1146 et
976 1125 1029 1155 44.

221 1175 265 1182 —
280 1159 457 1195 Ptolemaei,
476 1169 528 1197 23,
550 1168 599 1190 10.

224 1202 336 1232 Statua
352 1207 461 1231 aurata
476 1202 628 1231 omnium
644 1201 678 1231 in
694 1200 787 1231 Italia
802 1201 906 1240 prima
921 1200 1089 1231 Glabrioni
1105 1200 1217 1239 posita,
1232 1209 1287 1239 40,
1307 1208 1358 1239 34.

225 1244 345 1274 Statuae
362 1243 490 1283 publice
514 1245 547 1274 in
570 1244 686 1275 Rostris
713 1243 821 1284 pofitae
848 1243 959 1283 legatis
981 1243 1151 1281 Romanis,
1166 1252 1185 1273 a
1208 1240 1414 1274 Fidenatibus

265 1286 388 1323 occisis,
404 1296 437 1326 4,
462 1295 513 1323 17.

222 1329 345 1360 Statuae
362 1336 421 1359 tres
435 1329 466 1358 in
484 1334 700 1359 monumento
715 1328 919 1368 Scipionum,
938 1329 990 1366 38,
1008 1328 1059 1368 56.

222 1372 368 1402 Stellates
383 1373 503 1411 campi,
522 1383 553 1411 9,
567 1381 621 1411 44.
649 1381 699 1408 10,
716 1381 769 1410 31.
784 1371 851 1402 vid.
869 1377 897 1400 et
913 1381 967 1409 22,
988 1380 1038 1409 13.

221 1415 389 1445 Stellatina
405 1415 504 1445 tribus
519 1423 615 1451 nova,
633 1415 666 1452 6,
683 1422 713 1454 5.

222 1458 327 1487 Scena
343 1457 474 1492 Graecis,
490 1458 596 1486 fauces
615 1457 744 1493 Latinis,
761 1466 815 1495 32,
833 1463 864 1496 5.

221 1501 350 1530 Stenius
367 1501 508 1530 Ninnius
524 1499 626 1536 Celer,
644 1500 756 1539 hospes
770 1497 940 1529 Annibalis
953 1497 1085 1537 Capuae,
1100 1506 1152 1535 23,
1169 1498 1202 1528 8.

223 1542 260 1573 C.
276 1543 444 1572 Stertinius
457 1548 580 1572 creatur
594 1549 721 1581 praetor,
737 1548 768 1571 et
785 1541 909 1571 sortitur
924 1541 1118 1577 Sardiniam,
1135 1541 1187 1578 38,
1205 1547 1257 1579 35.

221 1585 256 1615 L.
275 1585 456 1621 Stertinius,
479 1584 660 1624 proconsul,
691 1585 724 1614 in
748 1584 937 1623 Hispaniam
961 1583 1110 1619 mittitur,
1136 1592 1189 1620 31,
1207 1590 1258 1621 50.
1290 1580 1414 1613 rediens

267 1628 501 1666 quinquaginta
517 1627 618 1657 millia
634 1627 741 1666 pondo
756 1627 876 1665 argenti
894 1627 927 1654 in
943 1626 1091 1655 aerarium
1107 1625 1179 1661 fert,
1195 1631 1226 1653 et
1242 1624 1280 1653 de
1297 1632 1412 1653 manu-

263 1670 326 1699 biis
342 1670 420 1699 duos
437 1670 572 1699 fornices
587 1670 675 1706 facit,
690 1678 743 1707 33,
762 1676 814 1705 27.
835 1668 972 1706 legatus,
991 1675 1042 1706 35.

222 1712 258 1743 L.
282 1712 462 1749 Stertinius,
488 1712 635 1750 quaestor,
659 1720 738 1742 cum
758 1711 945 1741 muneribus
969 1710 1106 1740 mittitur
1131 1709 1171 1739 ad
1199 1708 1410 1747 Misagenem,

269 1754 438 1784 Masinissae
454 1754 571 1791 filium,
583 1762 637 1794 45,
658 1763 708 1793 14.

221 1798 362 1833 Stimon,
379 1797 550 1836 oppidum,
569 1806 621 1835 32,
641 1806 692 1835 14.

223 1840 427 1877 Stipendium
443 1840 481 1869 de
498 1839 628 1879 publico
643 1838 773 1878 quando
788 1837 880 1867 miles
894 1836 1037 1877 primum
1050 1836 1219 1876 acceperit,
1234 1844 1269 1874 4,
1285 1844 1338 1875 59.

222 1899 266 1906 -—-
282 1883 410 1921 quando
426 1892 536 1920 eques,
554 1891 586 1921 5,
600 1889 627 1919 7.

223 1925 428 1963 Stipendium
441 1934 603 1960 annuum,
618 1930 649 1953 et
672 1924 770 1953 trium
793 1922 955 1953 mensium
970 1923 1170 1952 frumentum
1194 1920 1311 1960 accipit
1325 1928 1414 1951 exet-

266 1968 348 1997 citus
365 1967 530 1996 Romanus
544 1977 562 1996 a
578 1966 788 2002 Samnitibus,
805 1966 986 1995 mercedem
999 1965 1215 1999 induciarum,
1231 1964 1262 2000 8,
1281 1972 1312 1993 2.

223 2010 428 2048 Stipendium
445 2009 631 2048 impositum
646 2007 970 2046 Carthaginiensibus,
989 2017 1041 2044 21,
1062 2017 1089 2037 1.

224 2053 313 2082 Stobi
327 2052 478 2087 Poeoniae‚
497 2062 550 2090 33,
571 2062 619 2092 ¹9·
642 2060 697 2091 45,
713 2062 764 2091 29.
782 2051 895 2080 Stobos
909 2050 1086 2080 exercitum
1103 2048 1214 2078 indicit
1231 2046 1411 2085 Philippus,

267 2105 323 2134 40,
344 2104 393 2125 21.
416 2095 503 2124 haud
520 2094 629 2134 procul
653 2095 770 2130 Stobis,
786 2103 905 2123 novam
928 2093 1043 2122 urbem
1058 2091 1199 2122 Perseida
1212 2090 1321 2119 condit
1336 2090 1412 2119 Phi-

267 2138 524 2176 Uppus‚39›59·

224 2180 339 2215 Stoeni,
357 2190 430 2218 pop.
450 2181 532 2218 Epit.
550 2180 601 2209 62.

225 2221 378 2260 Stragulae
401 2222 491 2251 vestis
525 2220 667 2260 pretiosae
694 2220 769 2250 usus
804 2220 933 2259 quando
957 2219 1099 2259 primum
1126 2218 1240 2249 Romae
1267 2217 1410 2256 coepen't,

268 2266 368 2301 39‚6·

222 2307 419 2343 Strategema
435 2304 616 2341 Annibalis,
633 2315 684 2341 21,
702 2311 754 2341 27,
780 2315 833 2342 22,
851 2306 899 2334 16.
915 2310 947 2334 et
966 2312 1013 2342 17.

221 2366 264 2372 —
280 2348 461 2383 Gallorum,
480 2358 532 2385 23,
550 2358 601 2385 24.

158 2419 161 2423 .
221 2409 262 2414 ——
279 2390 456 2421 Philemeni
472 2390 650 2429 proditoris,
669 2396 723 2429 25,
739 2400 770 2429 9.
