1572 2616
518 97 779 127 PATRICIAE
815 98 1032 127 GENTES.
1306 98 1358 142 93

158 190 211 216 no
229 178 397 215 attribuit
418 177 607 222 Valerius,
629 190 742 227 quam
770 190 853 214 rem
882 178 1070 227 explicare
1101 178 1210 216 facile
1239 179 1356 216 cuivis

156 244 242 287 erit,
274 243 339 292 qui
368 249 584 292 temporum
612 242 762 278 ordines
789 241 921 291 resque
949 242 1066 292 gestas
1097 243 1357 279 Romanorum

159 307 273 357 paulo
309 307 522 357 diligentius
557 307 808 356 perpenderit.
879 307 958 345 Qui
1005 307 1109 343 enim
1156 307 1354 357 Jugurthae

159 371 302 409 bellum
323 372 467 415 indixit,
486 371 615 408 consul
634 371 706 408 fuit
735 371 813 409 642
841 372 888 408 ab
918 372 1024 408 Urbe
1053 372 1202 408 condita
1230 384 1353 409 anno:

157 437 221 484 qui
240 443 401 473 matrem
417 435 559 473 Idaeam
579 436 740 484 excepit,
758 447 856 472 anno
877 435 969 480 562,
991 435 1056 484 qui
1071 435 1268 472 seditiones
1287 448 1356 485 op-

158 500 296 549 preffit,
319 512 417 536 anno
441 500 533 537 615.
591 500 678 537 Nec
707 511 795 536 vero
825 498 1039 536 diffiniulari
1058 500 1225 549 Appiani
1254 496 1359 538 error

157 565 289 613 potest,
311 565 374 614 qui
405 566 442 601 in
471 565 628 614 Syriacis
645 564 693 601 fic
713 565 759 601 de
779 565 947 601 Africani
976 564 1055 601 filio
1075 565 1211 608 scribit,
1233 565 1358 614 Cepe-

156 635 212 666 rat
230 641 320 666 eum
340 641 408 666 rex
428 630 466 666 in
486 630 632 666 Graecia
659 642 680 666 a
709 629 890 666 Chalcide
917 636 1112 678 petentem
1141 630 1357 667 Demetria-

157 693 273 730 dem:
312 694 342 730 is
376 700 455 731 erat
485 694 609 742 Scipio
642 694 708 742 qui
740 694 864 743 postea
902 693 1174 744 Carthaginem
1207 701 1356 744 captam

157 756 286 801 diruit,
325 755 508 793 secundus
544 757 624 806 post
659 757 761 794 hunc
809 757 1010 794 Africanus
1056 758 1358 807 cognominatus,

158 819 278 857 Paulli
307 820 419 865 filius,
437 820 517 870 ejus
547 822 611 871 qui
641 821 774 858 Persen
804 822 1061 859 Macedonem
1081 823 1195 871 cepit,
1215 822 1357 871 Scipio—

157 885 216 922 nis
248 898 364 934 nepos
395 899 445 922 ex
479 885 570 930 filia,
606 887 804 935 adoptione
833 886 944 924 filius.
1001 887 1167 936 Captum
1198 888 1244 924 ab
1273 889 1358 924 An-

159 949 287 987 tiocho
308 950 489 998 Scipionis
508 950 676 986 Africani
698 949 836 994 filium,
858 951 919 987 alii
941 964 1090 1000 quoque
1111 952 1357 991 tradiderunt.

161 1016 215 1050 At
234 1026 322 1051 vero
341 1027 417 1050 non
436 1015 464 1051 is
482 1014 554 1051 fuit
575 1014 698 1063 Scipio
717 1015 944 1051 Aimilianus
964 1030 971 1050 :
1004 1016 1175 1052 nondum
1194 1017 1311 1060 enirn,
1332 1016 1360 1054 fi

161 1078 269 1114 Livio
297 1077 498 1120 credimus,
519 1085 627 1114 natus
656 1085 748 1122 erat,
770 1091 884 1126 quern
908 1077 1007 1115 bello
1028 1079 1172 1116 Persico
1201 1079 1359 1128 quinde-

160 1143 237 1178 cim
269 1142 426 1178 omnino
454 1154 654 1185 annorum,
685 1142 748 1178 lib.
769 1141 856 1179 xliv.
878 1141 984 1178 fuiffe
1013 1141 1149 1180 scribit.
1208 1143 1359 1180 Falsum

158 1209 272 1245 etiarn
301 1207 402 1256 quod
422 1207 601 1255 Scipionis
620 1219 666 1242 ex
686 1206 763 1243 filia
783 1214 976 1255 nepotem,
998 1207 1197 1257 adoptione
1217 1207 1357 1253 filium,

160 1270 333 1320 appellat.
394 1271 516 1318 Scipio
550 1271 653 1306 enim
689 1271 927 1314 Aimilianus‚
961 1271 1025 1319 qui
1056 1278 1095 1308 et
1127 1271 1202 1320 ipse
1235 1270 1364 1308 eversa*

162 1335 387 1384 Carthagine
416 1335 617 1371 Africanus
650 1333 702 1370 est
735 1334 958 1384 appellatus,
989 1335 1032 1372 L.
1062 1335 1209 1372 Aimilii
1240 1335 1358 1373 Paulli

161 1398 335 1434 naturalis
352 1397 450 1434 filius
468 1398 550 1440 fuit,
572 1398 737 1434 Africani
768 1396 904 1434 sororis
933 1397 1045 1442 filius,
1067 1396 1221 1447 ejusque
1241 1399 1359 1448 adop-

159 1462 261 1499 tione
292 1473 421 1510 nepos.
479 1461 714 1510 Adoptaturn
748 1462 849 1497 enim
878 1462 924 1498 ab
953 1460 1123 1497 Africani
1151 1460 1231 1497 filio
1260 1462 1358 1498 Cato

160 1529 260 1578 apud
280 1529 504 1565 Ciceronem
525 1527 582 1564 his
601 1527 721 1563 verbis
741 1527 894 1571 indicat,
919 1527 1048 1564 Quam
1066 1527 1138 1563 suit
1159 1528 1359 1566 imbecillis

163 1596 202 1634 P.
225 1594 392 1632 Africani
420 1593 533 1637 filius,
556 1594 584 1630 is
605 1594 667 1642 qui
689 1601 725 1629 te
745 1593 933 1643 adoptavit
954 1595 964 1630 ?
997 1594 1045 1631 Et
1066 1594 1198 1632 Cicero
1217 1596 1264 1632 de
1283 1597 1357 1635 Of-

161 1659 256 1697 ficiis
275 1660 409 1709 primo,
427 1658 480 1695 Ut
496 1657 692 1706 superioris
709 1657 875 1694 Africani
895 1657 1008 1699 filius,
1024 1659 1087 1707 qui
1105 1659 1207 1696 hunc
1228 1661 1358 1698 Paullo

161 1722 320 1759 Aimilio
339 1728 469 1757 natum
490 1721 738 1769 adoptaverat.
795 1721 838 1757 In
858 1722 974 1758 Bmto
993 1734 1096 1766 vero,
1118 1722 1248 1771 Ipsum
1277 1724 1356 1761 Sci-

162 1788 316 1836 pionem
346 1784 559 1834 accepimus
589 1797 665 1820 non
698 1784 879 1821 infantem
911 1784 1040 1829 fuiffe5
1073 1785 1171 1822 filius
1200 1788 1354 1836 quidem

161 1851 258 1901 ejus,
279 1851 342 1900 qui
362 1850 464 1886 hunc
491 1849 679 1886 minorem
707 1850 920 1898 Scipionem
948 1862 969 1886 a
997 1851 1124 1888 Paullo
1151 1853 1354 1902 adoptavit,

164 1919 191 1957 fi
210 1930 364 1968 corpore
384 1915 564 1961 valuiffet,
587 1917 624 1952 in
645 1917 772 1965 primis
794 1917 940 1954 habitus
959 1916 1050 1954 esset
1071 1916 1244 1955 disertus.
1301 1919 1354 1955 11-

163 1982 228 2020 lud
256 1982 370 2018 etiam
389 1979 490 2017 haud
508 1979 583 2016 scio
601 1991 647 2015 an
668 1979 770 2016 reete
789 1980 1000 2029 Appianus,
1020 1981 1122 2029 quod
1150 1982 1186 2017 in
1217 1981 1354 2030 Hispa-

164 2046 363 2087 nienfibus,
394 2051 433 2081 et
468 2045 514 2081 de
548 2044 664 2081 Bellis
695 2044 864 2080 civilibus
898 2045 1032 2093 primo,
1065 2045 1112 2080 de
1147 2045 1356 2082 Aimiliano

165 2111 312 2148 scribit:
342 2111 489 2147 Verum
519 2121 638 2158 quum
658 2120 725 2158 per
745 2115 909 2153 aetatem,
930 2110 1062 2158 inquit,
1083 2121 1157 2145 cos.
1177 2108 1258 2146 fieri
1278 2123 1354 2146 non

167 2175 283 2225 posset
313 2174 408 2221 (erat
438 2175 541 2211 enim
568 2173 773 2210 admodum
796 2172 965 2221 juvenis)
995 2172 1353 2211 senatusconsultum

164 2241 304 2279 facturn
336 2239 417 2282 fuit,
436 2245 479 2275 ut
507 2251 597 2275 eum
625 2239 761 2274 tribuni
790 2238 839 2286 pl.
862 2250 908 2275 eo
937 2250 1035 2274 anno
1063 2239 1207 2288 legibus
1235 2239 1353 2277 solve-

164 2316 259 2347 rent.
326 2310 514 2346 Juvenem
547 2307 708 2358 appellat
748 2306 996 2344 Aimilianum
1042 2309 1356 2358 quinquagenario

720 2370 752 2406 R
771 2376 792 2407 5
