1572 2616
409 167 782 198 HISTORIARUM
821 168 1024 196 LIBROS.
1248 165 1328 210 215

134 249 292 280 Romanae
308 249 491 289 reipublicae
509 249 658 289 gravitas,
673 257 729 288 42,
745 255 801 287 47.

133 293 322 331 -justitia‚
340 302 371 333 5,
389 300 439 329 27.

133 352 177 359 —
193 337 347 366 modestia
360 337 391 366 in
410 334 560 375 prosperis
576 334 682 371 rebus,
699 343 753 373 30,
767 344 821 373 42.
847 341 900 373 37,
914 342 969 374 45.

134 396 176 403 -—
191 380 350 418 religionis
367 388 455 415 cura,
478 388 506 414 1,
522 387 572 409 21.
598 386 652 416 30,
670 387 721 407 21.
747 387 801 415 31,
818 389 849 417 9.
865 377 932 408 vid.
944 376 1078 415 Religio.

133 438 177 445 -
192 423 292 453 virtus
315 422 472 456 militaris,
490 432 523 461 9,
545 428 594 458 17.
611 427 638 450 et
657 430 706 461 ¹9·
729 420 796 450 vid.
814 421 921 457 Acies,
949 421 1068 456 Castra,
1085 419 1208 456 Claffis,
1232 418 1335 449 Disci-

179 465 281 505 plina,
297 466 438 513 Equites,
457 464 563 494 Miles.

134 509 220 547 apud
236 508 399 539 Romanos
417 509 448 537 in
465 508 586 537 honore
602 505 713 536 habita
730 512 912 545 paupertas,
929 505 997 536 vid.
1013 506 1206 546 Paupertati.

135 558 167 580 et
184 552 284 581 facere
300 560 331 582 et
347 551 410 591 pati
427 551 519 580 fortia
535 550 723 580 Romanum
739 550 795 585 est,
812 559 844 586 2,
864 558 913 579 12.

137 594 285 624 Romana
302 605 347 624 res
362 594 497 624 ducibus
516 593 646 622 validior
663 593 735 628 fuit,
752 602 852 631 quarn
869 592 1074 629 exercitibus,
1093 601 1125 629 2,
1143 601 1197 630 39.

137 636 361 668 Romanorum
389 643 469 667 artes
495 636 721 674 fraudulentae,
747 645 796 675 34,
820 637 872 666 62.
895 644 950 674 40,
970 645 999 666 2.
1024 642 1055 665 et
1079 645 1132 666 20.
1155 645 1210 675 42,
1227 642 1281 675 47.
1304 639 1337 664 et

181 688 231 720 52.

136 739 180 746 -
195 725 338 760 avaritia,
353 733 409 764 43,
429 734 458 753 2.

136 782 181 789 —
197 767 379 804 crudelitas,
400 777 452 807 39,
471 773 523 805 51.

137 826 182 833 -—
198 810 306 847 luxus,
325 820 378 851 39,
397 812 426 840 6.
443 808 509 839 vid.
528 809 648 838 Luxus.

140 852 279 883 Romani
298 854 421 893 imperii
438 854 652 888 incrementa,
668 860 774 891 41‚1.

139 895 180 925 T.
173 896 349 968 .dRomilio‚
367 895 504 932 consuli,
521 905 539 925 a
555 895 690 925 Claudio
705 894 860 925 Cicerone
882 894 949 925 dies
974 892 1070 932 (11613,
1089 903 1120 932 3,
1139 902 1191 932 31.
1216 899 1341 924 creatur

206 948 356 975 ecemvir,
375 949 427 978 33.

142 981 338 1020 Romularis,
355 983 461 1021 postea
477 980 672 1017 Ruminalis,
687 980 782 1017 ficus,
803 989 833 1017 1,
849 991 882 1020 4.

143 1024 305 1055 Romulea
322 1026 396 1055 urbs
413 1026 538 1064 capitur
553 1034 572 1054 a
587 1024 756 1059 Romanis,
776 1032 828 1060 10,
850 1031 897 1061 17.

144 1067 278 1098 Romuli
295 1075 326 1098 et
342 1069 436 1098 Remi
458 1067 593 1103 natales,
615 1077 643 1103 1,
661 1078 692 1104 4.
716 1067 864 1096 educatio
886 1072 918 1096 et
942 1065 1166 1102 adolescentia,
1184 1065 1256 1095 ibid.
1280 1066 1341 1095 im-

185 1119 278 1150 petus
299 1112 421 1141 faciunt
447 1111 479 1140 in
503 1111 653 1147 latrones,
670 1117 701 1139 et
727 1110 868 1149 praedam
892 1109 1039 1139 dividunt
1063 1109 1251 1148 pastoribus,
1269 1108 1341 1139 ibid.

186 1155 308 1185 Remus
334 1155 458 1194 capitur
483 1163 502 1183 a.
527 1153 703 1184 latronibus
727 1159 758 1183 et
784 1153 908 1182 deditur
931 1152 1081 1188 Amulio,
1100 1160 1129 1192 5.
1153 1152 1303 1182 liberatur
1324 1161 1343 1181 a

186 1197 351 1235 Romulo;
373 1197 545 1228 Amulium
562 1197 769 1229 obtruncant,
785 1202 816 1225 et
832 1205 930 1226 avum
947 1196 1156 1225 Numitorem
1172 1204 1281 1234 regem
1297 1194 1344 1225 sa-

187 1241 306 1279 lutant,
323 1241 396 1271 ibid.
418 1240 595 1270 condendae
612 1240 699 1269 urbis
715 1239 885 1269 consilium
902 1239 1049 1278 capiunt,
1070 1248 1098 1275 1,
1117 1240 1147 1268 6.

145 1283 305 1314 Romulus
330 1283 513 1314 Palatinum
539 1289 686 1312 montem
711 1283 750 1311 ad
775 1282 1035 1320 inaugurandum
1056 1281 1156 1320 capit,
1179 1290 1207 1317 1,
1225 1281 1255 1310 6.
1279 1279 1344 1310 Ro-

188 1327 298 1357 mulus
313 1327 441 1356 fratrem
462 1327 594 1361 occidit,
612 1325 698 1364 quod
722 1335 822 1355 novos
846 1335 956 1354 muros
980 1324 1180 1357 transiluerit,
1196 1323 1269 1354 ibid.
1292 1333 1345 1353 ur-

187 1370 263 1400 bem
281 1379 299 1399 a
315 1370 369 1400 suo
386 1369 519 1399 nomine
543 1368 737 1408 appellatam
755 1368 879 1404 condit,
895 1367 968 1398 ibid.
991 1367 1175 1397 Palatinum
1199 1368 1344 1405 primum

190 1420 336 1442 montem
366 1413 485 1449 munit,
509 1412 581 1441 ibid.
612 1410 848 1450 rempublicam
878 1411 1015 1448 ordinat,
1033 1412 1063 1440 8.
1092 1416 1186 1448 auget
1215 1410 1342 1446 urbem,

190 1455 263 1486 ibid.
288 1455 412 1496 asylum
426 1456 538 1494 aperit,
555 1454 625 1485 ibid.
650 1455 795 1483 senatum
809 1461 906 1490 creat,
921 1453 993 1483 ibid.
1017 1463 1057 1482 ex
1070 1452 1202 1482 consilio
1214 1452 1345 1483 Patrum

188 1498 308 1537 legatos
324 1500 409 1528 circa
424 1499 546 1528 vicinas
569 1504 678 1537 gentes
702 1497 814 1533 mittit,
837 1497 891 1536 qui
916 1497 1099 1526 societatem
1124 1496 1346 1526 connubium-

192 1551 254 1579 que
279 1551 363 1572 novo
389 1541 509 1581 populo
533 1547 688 1580 peterent,
707 1549 736 1577 9.
760 1549 839 1579 quas
861 1541 1013 1577 juventus
1040 1539 1187 1568 Romana
1210 1539 1347 1578 virgines

193 1585 326 1615 Sabinas
345 1586 459 1624 rapuit,
478 1584 672 1620 consolatur,
690 1583 763 1612 ibid.
787 1583 926 1612 occurrit
942 1581 1194 1615 Caeninensibus‚
1212 1583 1265 1620 qui
1285 1583 1346 1611 1111-

192 1635 304 1667 petum
323 1629 353 1657 in
371 1637 483 1666 agrum
510 1627 697 1656 Romanum
714 1627 874 1664 fecerant,
886 1635 939 1656 eos
955 1626 1073 1674 fundit,
1090 1632 1121 1654 et
1138 1634 1242 1664 regem
1261 1625 1348 1655 occi-

194 1672 252 1707 dit,
274 1681 321 1700 10.
344 1672 415 1701 Jovi
441 1670 577 1700 Feretrio
593 1669 690 1709 spolia
706 1670 817 1708 opima
833 1670 903 1705 fert,
919 1675 950 1698 et
973 1669 1000 1698 ei
1026 1669 1169 1706 primum
1195 1669 1347 1697 omnium

194 1714 309 1744 Romae
323 1714 422 1744 sacrat
437 1713 612 1753 templum,
629 1712 701 1741 ibid.
716 1713 931 1741 Antemnates
948 1718 978 1741 et
992 1711 1215 1740 Crustuminos
1232 1711 1348 1747 vincit,

199 1766 209 1786 1
221 1767 246 1787 1.
272 1758 304 1787 111
321 1766 429 1797 pugna
443 1765 521 1786 cum
538 1755 664 1786 Sabinis
686 1755 852 1785 Romanos
868 1755 1025 1802 fugientes
1043 1754 1174 1783 refistere
1193 1752 1300 1790 jubet,
1318 1760 1350 1783 et

195 1800 266 1829 Jovi
283 1800 398 1830 Statori
415 1799 575 1848 templum
592 1804 697 1834 vovet,
718 1808 767 1828 12.
792 1807 906 1837 pacem
924 1797 983 1826 init
998 1805 1074 1826 cum
1092 1797 1231 1832 Sabinis,
1246 1802 1277 1825 et
1293 1805 1349 1835 po-

196 1842 311 1881 pulum
338 1844 369 1872 in
395 1843 524 1882 triginta
539 1841 641 1872 curias
662 1841 787 1876 dividit,
810 1850 858 1878 13.
885 1840 1050 1869 Fidenates
1066 1839 1183 1875 fundit,
1205 1848 1252 1878 14.
1275 1839 1352 1869 Vei-

195 1892 286 1915 entes
302 1885 409 1922 caedit,
430 1895 479 1924 15.
503 1890 659 1914 trecentos
675 1890 816 1914 armatos
838 1883 878 1912 ad
901 1883 1078 1912 custodiam
1101 1883 1253 1921 corporis,
1268 1892 1351 1922 quos

196 1928 321 1959 Celeres
337 1927 524 1968 appellavit,
541 1927 628 1966 legit,
643 1926 715 1956 ibid.
731 1926 800 1964 ejus
817 1935 916 1963 mors,
934 1927 982 1955 16.
1007 1926 1144 1982 creditur
1160 1926 1262 1963 Deus,
1276 1925 1349 1955 ibis.

197 1972 316 2011 septem
333 1979 364 2001 et
381 1971 510 2010 triginta
527 1971 669 2010 regnavit
685 1979 800 2006 annos,
820 1979 871 2000 21.

158 2013 316 2045 Romulus
332 2015 402 2045 Deo
415 2021 602 2054 prognatus,
620 2013 708 2043 Deus
725 2013 851 2053 ipse,1,
869 2021 921 2051 40.
937 2010 1004 2042 vid.
1022 2018 1048 2040 et
1065 2022 1097 2050 4,
1119 2018 1167 2051 15.

155 2057 286 2089 Romuli
303 2059 386 2094 casa,
406 2066 437 2097 5,
457 2066 508 2096 53.

157 2100 328 2137 Camillus,
343 2100 506 2130 Romulus
522 2099 612 2136 alter,
630 2106 662 2138 5,
679 2108 732 2138 49.

158 2142 316 2173 Romulus
333 2143 449 2174 Silvius
462 2143 553 2173 Albae
570 2152 637 2179 rex,
660 2152 688 2178 1,
705 2151 734 2180 3.

159 2186 279 2215 Rorarii
297 2186 426 2222 milites,
443 2187 475 2222 8,
493 2187 523 2216 8.
540 2185 606 2215 vid.
622 2185 728 2214 Acies.

161 2229 193 2258 L.
210 2228 355 2265 Roscius,
381 2229 504 2268 legatus
532 2228 767 2263 Romanorum,
791 2225 875 2264 jussu
899 2225 1068 2256 Tolumnii
1095 2226 1294 2265 interficitur,
1318 2239 1352 2268 4,

207 2279 255 2307 17.
279 2272 307 2301 ei
324 2273 425 2302 statua
442 2271 569 2311 publice
586 2272 617 2300 in
635 2270 751 2300 Rostris
768 2270 878 2309 posita,
896 2269 967 2298 ibid.

161 2315 193 2344 1..
214 2314 345 2344 Roscius
368 2315 514 2344 tribunus
538 2313 640 2353 plebis
664 2313 768 2352 legem
794 2312 879 2349 tulit,
897 2319 931 2341 ut
954 2311 1115 2350 equitibus
1140 2311 1296 2344 Romanis
1320 2317 1352 2347 in

205 2359 327 2387 theatro
343 2357 586 2396 quatuordecim
602 2356 716 2396 gradus
732 2356 870 2395 proximi
886 2354 1126 2394 affignarentur‚
1146 2353 1230 2394 Epit.
1243 2365 1296 2398 99.
