1572 2616
208 172 288 216 170
548 177 712 208 INDEX
747 178 802 206 IN
837 179 881 207 T.
906 180 1038 209 L1V11

202 254 313 285 Oratio
337 254 495 294 Indibilis,
519 255 683 297 Hispaniae
707 256 819 297 reguli,
842 258 881 288 ad
906 259 1103 299 Scipionem,
1121 267 1174 297 27,
1196 267 1245 298 17.
1270 261 1323 298 28,
1340 270 1392 300 34.

247 298 287 327 ad
300 298 385 336 suos,
402 308 454 338 29,
473 310 502 329 2.

201 357 244 363 —
262 341 296 371 L.
309 342 396 371 Junii
413 342 514 379 Bruti,
533 352 563 379 2,
580 352 608 372 2.

203 400 247 406 —
261 384 308 414 M.
324 385 411 414 Junii
428 385 466 415 de
481 386 614 424 captivis
628 386 834 424 redimendis,
854 397 906 426 22,
924 394 976 428 59.

201 443 247 450 —
260 427 293 458 P.
307 427 421 457 Licinii
438 428 540 465 Calvi,
557 437 589 468 5,
607 429 655 458 18.

204 486 248 492 ——
263 471 316 509 Sp.
335 471 486 509 Ligustini
503 472 542 501 ad
559 471 730 511 populum,
747 482 802 510 42,
818 481 870 512 34.

203 528 245 536 —
262 514 467 544 Locrensium
483 514 674 553 legatorum,
692 515 927 554 deplorantium
943 517 1085 547 fortunas
1101 516 1184 555 suas,
1201 527 1252 557 29,
1274 525 1323 554 17.

201 571 248 579 -—
266 557 418 596 Lycortae,
433 558 629 587 Achaeorum
644 559 798 597 praetoris,
813 559 851 589 ad
865 560 906 590 A.
922 560 1109 598 Claudiurn,
1127 569 1180 599 39,
1198 562 1249 598 36.

204 615 248 621 —
264 600 299 630 C.
316 600 440 637 Maenii,
457 600 629 638 diElatoris,
645 610 678 639 9,
696 602 746 632 26.

203 658 247 665 —
263 643 411 682 Magonis
428 644 466 673 ad
483 644 606 680 Gallos,
624 653 677 684 29,
697 651 725 684 5.

202 701 247 707 ——
261 685 321 716 Cn.
340 686 468 722 Manlii,
486 687 636 723 consulis,
654 687 693 716 ad
710 686 838 724 milites,
857 689 907 726 38,
928 696 977 724 17.
1000 698 1056 727 pro
1071 689 1113 725 se,
1131 696 1184 727 47.

204 744 248 750 —
263 728 312 758 M.
331 729 459 765 Manlii,
478 730 509 767 6,
533 738 580 770 15.
599 736 629 759 et
651 732 699 760 18.

203 771 301 804 --·,Τ.
319 772 433 802 Manlii
448 773 615 812 Torquati,
632 773 669 803 de
686 775 818 813 captivis
835 783 899 803 non
917 774 1122 811 redimendis,
1140 784 1194 811 22,
1212 775 1260 805 60.

204 815 249 837 —'
264 814 377 844 Marcii
395 816 434 845 ad
450 816 581 852 milites,
599 824 652 856 25,
671 817 723 854 38.

203 873 248 881 —
265 857 307 888 Q.
326 857 439 888 Marcii
457 858 609 898 Philippi,
626 859 733 897 legati,
747 858 786 888 ad
803 858 961 896 Perseum,
977 869 1032 898 42,
1045 869 1098 899 40.

203 917 247 923 —
265 900 438 940 Masgabae,
455 901 624 932 Mafiniffae
641 902 710 939 filii,
726 911 780 941 45,
802 911 850 940 13.

203 943 431 976 —lvlafinifl'ae
448 945 487 974 ad
503 944 701 985 Scipionem,
718 945 770 980 28,
790 952 840 984 35.
865 944 932 983 ejus
946 945 1141 984 legatorum,
1159 954 1212 984 3ο,
1232 952 1281 982 17.

204 1002 249 1010 -
264 986 426 1026 Menippi,
443 987 536 1027 legati
552 988 720 1025 Antiochi,
739 997 791 1027 34,
810 996 861 1027 57.

204 1045 248 1052 —-
263 1029 312 1059 M.
331 1030 458 1067 Metilii,
476 1031 593 1061 tribuni
609 1031 722 1070 plebis,
741 1032 773 1060 in
791 1031 940 1067 Fabium,
959 1040 1013 1067 22,
1032 1038 1084 1070 25.

203 1076 247 1096 -'-
263 1073 418 1111 militum,
435 1083 474 1104 ex
490 1074 649 1105 Cannensl
666 1073 756 1104 clade
771 1074 983 1114 superstitum,
1000 1080 1031 1104 et
1056 1075 1088 1104 in
1111 1074 1253 1104 Siciliam
1278 1073 1396 1118 relega-

247 1122 368 1153 torum,
387 1124 440 1157 25,
458 1118 488 1147 6.

203 1175 247 1182 —
264 1159 432 1197 Minionis,
449 1160 545 1190 amici
561 1159 729 1195 Antiochi,
747 1159 785 1189 ad
801 1159 920 1198 legatos
936 1159 1114 1196 Romanos,
1130 1167 1184 1199 35,
1205 1161 1254 1190 16.

203 1218 248 1224 —
263 1202 401 1232 Minucii
418 1202 505 1239 Rufi,
523 1203 762 1233 cunctationem
781 1202 867 1232 Fabii
885 1202 1155 1241 reprehendentis,
1173 1212 1225 1238 22,
1246 1211 1295 1240 ¹4·

203 1261 247 1267 —
262 1245 408 1282 Nabidis,
427 1246 745 1276 Lacedaemoniorum
761 1246 900 1285 tyranni,
918 1246 956 1275 ad
971 1246 1012 1275 T.
1030 1246 1216 1281 Quintium,
1237 1255 1288 1284 34,
1308 1253 1358 1282 31.

204 1304 249 1311 -
265 1288 299 1318 L.
316 1289 443 1327 Papirii,
460 1288 631 1324 diciatoris,
648 1289 679 1325 8,
699 1297 749 1326 32.
766 1295 797 1317 et
813 1297 864 1328 34.

202 1347 247 1354 -—
262 1331 372 1368 Persei,
396 1332 572 1362 accusantis
595 1332 812 1368 Demetrium,
837 1340 892 1370 40,
909 1340 939 1369 9.
962 1331 992 1361 se
1014 1331 1191 1370 purgantis,
1208 1340 1263 1370 42,
1279 1339 1332 1369 41.
1356 1329 1395 1359 ad

250 1374 382 1412 milites,
398 1382 450 1414 52.

205 1434 247 1440 —
270 1417 467 1448 Petilliorum
484 1418 516 1447 in
532 1418 736 1453 Africanum,
755 1418 807 1455 38,
828 1424 878 1457 51.

202 1477 247 1484 —
260 1460 398 1500 Philippi
415 1462 448 1491 in
465 1460 604 1491 concilio
620 1462 830 1497 Achaeorum,
848 1460 900 1497 28,
920 1461 948 1490 8.
972 1459 1040 1497 ejus
1055 1459 1234 1497 legatorum
1258 1459 1290 1488 in
1315 1468 1393 1489 con-

247 1504 323 1534 cilio
337 1503 523 1534 AEtolorum
548 1510 658 1533 contra
681 1504 858 1540 Romanos,
878 1512 929 1540 31,
948 1512 998 1541 29.
1024 1502 1063 1532 ad
1079 1502 1118 1532 T.
1136 1502 1322 1538 Quintium,
1341 1511 1394 1540 32,

248 1556 300 1585 33.
324 1547 364 1576 ad
380 1546 499 1585 legatos
515 1547 694 1583 Romanos,
712 1555 765 1585 39,
784 1547 834 1576 28.
859 1545 1012 1583 ejusdem,
1025 1545 1142 1583 judicis
1166 1545 1246 1574 inter
1264 1545 1342 1575 duos
1359 1545 1395 1575 fi-

250 1590 322 1627 lios,
338 1599 392 1628 40,
411 1591 440 1620 8-

205 1632 242 1663 L.
256 1632 369 1662 Pinarii
386 1633 425 1662 ad
441 1631 571 1667 milites,
591 1642 644 1671 24,
663 1633 713 1669 38.

205 1692 248 1699 —
264 1675 403 1715 Polyaeni
420 1675 619 1715 Syracusani,
638 1684 690 1713 24,
710 1683 760 1704 22.

205 1736 249 1742 —-
266 1719 302 1749 C.
319 1718 436 1754 Pontii,
455 1718 652 1757 imperatoris
669 1717 881 1753 Samnitium,
897 1725 929 1754 9,
951 1726 978 1746 1.
995 1722 1026 1745 et
1046 1724 1095 1746 11.

206 1779 250 1785 —
266 1761 315 1792 M.
330 1761 430 1791 Porcii
455 1760 599 1798 Catonis,
618 1759 768 1796 consulis,
793 1767 905 1790 contra
929 1759 1046 1789 luxum
1071 1757 1275 1795 muliebrem,
1295 1767 1347 1797 34,
1368 1769 1396 1789 2.

251 1805 290 1835 ad
304 1804 434 1842 militeS,
456 1813 504 1842 13.

207 1866 252 1873 —
267 1849 321 1887 Sp.
338 1847 502 1883 Postumii,
521 1855 552 1885 9,
570 1847 600 1877 8.
618 1852 648 1876 et
665 1858 695 1887 9.

209 1909 252 1915 —
268 1892 323 1930 Sp.
340 1890 503 1926 Postumii,
519 1889 671 1925 consulis,
689 1890 721 1919 'nn
738 1887 965 1925 Bacchanalia,
982 1897 1034 1927 39,
1056 1895 1105 1927 15.

210 1951 254 1958 -
267 1934 300 1964 L.
320 1933 445 1963 Quintii
461 1932 658 1968 Cincinnati,
676 1941 708 1970 3,
729 1940 777 1968 19.
800 1941 834 1971 4,
854 1940 903 1971 15·

211 1995 255 2001 —
269 1978 309 2007 T.
327 1975 455 2006 Quintii
469 1974 655 2013 Capitolini,
675 1984 705 2012 3,
722 1975 774 2010 67.

211 2037 255 2044 —
267 2021 307 2050 T.
323 2019 447 2049 Quintii
464 2018 503 2048 ad
516 2017 710 2055 conjuratos,
727 2017 781 2055 qui
797 2025 873 2046 eum
890 2016 1006 2046 ducem
1022 2015 1194 2054 elegerant,
1212 2022 1241 2050 7,
1257 2023 1311 2052 4¹·

212 2064 307 2093 -T.
327 2061 451 2092 Quintii
472 2060 646 2090 Flaminini
669 2060 710 2090 ad
731 2060 873 2095 Graecos,
893 2068 945 2097 34,
964 2068 1015 2088 22.
1038 2059 1078 2087 ad
1093 2057 1267 2092 Nabidem,
1283 2066 1336 2095 32.
1359 2057 1399 2086 ad

258 2106 400 2140 Graecos,
415 2114 468 2143 49.
491 2103 531 2133 ad
546 2103 685 2138 AEtolos‚
704 2110 757 2141 35,
777 2111 827 2140 33.
851 2102 890 2131 ad
906 2101 1058 2137 Achaeos,
1073 2110 1125 2139 49.
1151 2100 1204 2138 36,
1223 2109 1274 2137 32.

215 2166 258 2173 —
274 2148 474 2178 Rhodiorum
490 2146 681 2184 legatorum,
698 2152 750 2182 37,
770 2153 821 2184 54.

213 2211 256 2218 —
272 2192 496 2222 Romanorum
519 2188 696 2227 legatorum
720 2187 760 2217 ad
774 2186 913 2223 AEtolos,
937 2195 989 2224 31,
1014 2194 1064 2224 31.
1090 2186 1157 2224 post
1179 2185 1305 2215 aditum
1329 2185 1400 2215 Per-

260 2235 322 2270 sea,
338 2233 531 2272 legationem
548 2231 807 2260 renunciantium
823 2230 855 2259 in
870 2228 993 2266 senatu,
1005 2238 1059 2269 42,
1076 2237 1130 2267 47.

216 2296 260 2304 .-
274 2277 525 2315 Saguntinorum
543 2274 732 2312 legatorum,
750 2272 803 2310 28,
821 2281 872 2312 39.

216 2339 260 2346 --
275 2319 472 2351 Samnitium
485 2317 677 2356 legatorum,
695 2318 726 2352 8,
748 2324 774 2345 1.

218 2381 261 2389 ...
276 2363 308 2393 P.
327 2361 458 2400 Scaptii‚
476 2370 506 2399 3,
526 2368 576 2396 71.

216 2423 261 2432 --
275 2406 309 2437 P.
325 2404 519 2443 Sempronii,
537 2401 652 2432 tribuni
670 2400 782 2440 plebis,
795 2400 827 2430 in
841 2400 902 2439 Ap.
919 2399 1105 2437 Claudium,
1121 2400 1153 2436 8,
1172 2407 1222 2437 33.
1239 2405 1270 2428 et
1288 2407 1338 2437 34.
