1572 2616
222 181 275 225 28
565 193 732 222 mom<
766 193 821 221 ΙΝ
857 194 901 222 Τ.
924 193 1059 222 mvn

218 274 288 303 Arx
302 272 493 309 Veientana,
509 279 605 311 capta
618 271 786 310 cuniculo,
808 280 839 312 5,
858 282 909 303 21.

219 316 391 353 Ascanius,
407 315 521 345 AEneae
537 315 633 351 filius,
650 315 711 345 five
727 325 767 345 ex
791 315 934 353 Lavinia,
952 315 1014 345 sive
1030 324 1070 345 ex
1086 315 1204 346 Creiisa
1230 321 1338 355 natus,
1349 316 1408 347 Al-

261 358 339 389 bam
357 359 500 398 Longam
517 358 639 393 condit,
660 369 689 395 1,
711 368 737 389 1.
754 364 784 388 et
802 368 831 396 3.

217 401 477 441 Asclepiodotus,
495 401 659 440 praefeffius
681 408 879 431 armatorum
898 400 1065 432 Gallorum
1081 402 1115 432 in
1134 402 1276 433 exercitu
1293 402 1406 439 Persei,

264 454 319 485 42,
337 452 388 484 51.
404 444 470 474 vid.
487 444 575 473 etiam
588 454 642 483 44,
660 454 689 475 2.

216 486 390 523 Ascordus,
406 487 537 523 fluvius,
554 496 609 526 44,
630 495 658 522 7.

219 531 360 566 Ascuris,
375 529 478 569 palus,
494 539 549 568 44,
569 539 597 559 2.
614 535 644 558 et
661 538 692 567 3.

217 572 388 610 Asdrubal,
410 582 506 611 gener
521 579 551 601 et
573 571 728 602 successor
742 570 927 609 Amilcaris,
951 581 1006 610 21,
1022 582 1055 604 2.
1079 581 1098 603 a
1111 572 1245 604 barbaro
1263 573 1408 613 quodam

263 616 373 656 palam
384 616 553 653 occiditur,
572 625 624 650 21,
639 625 669 646 2.

217 658 390 695 Asdrubal,
405 659 498 689 frater
522 658 704 693 Annibalis,
721 657 877 687 tuendam
902 657 1028 697 suscipit
1052 658 1257 698 Hispaniam,
1282 669 1336 697 21,
1355 669 1407 691 22.

261 702 408 733 fidelium
426 701 535 741 populi
553 701 691 731 Romani
709 701 867 730 sociorum
884 709 973 739 agros
989 703 1100 738 vastat,
1118 704 1170 732 61.
1195 702 1324 735 claffem
1351 712 1409 733 au-

261 752 328 785 get,
347 755 399 782 22,
420 755 446 775 1.
472 745 504 774 in
533 744 727 774 Lusitaniam
750 743 911 781 concedit,
931 753 984 780 22,
1002 754 1055 775 21.
1073 745 1205 782 jubetur
1221 747 1253 776 in
1277 745 1408 776 Italiam

262 790 440 819 exercitum
457 788 586 824 ducere,
605 797 657 825 23,
675 794 726 823 27.
748 787 890 816 vincitur
911 796 930 815 a
954 788 1170 826 Scipionibus,
1188 799 1238 829 29.
1263 789 1408 828 ingentes

262 833 370 870 copias
389 831 606 869 Hispanorum
623 831 742 866 fundit,
761 839 814 869 24,
829 839 880 869 41.
899 830 981 859 delet
997 831 1154 860 exercitus
1169 832 1327 870 ducesque
1344 832 1409 861 Ro-

256 883 381 904 manos
393 873 426 903 'm
440 873 606 912 Hispania,
623 879 675 912 25,
693 882 744 911 32.
764 873 815 911 36.
832 872 913 902 ludit
930 873 1110 910 Neronem,
1129 875 1180 911 26,
1201 883 1250 912 17.
1266 875 1407 905 vincitur

256 926 280 947 a
293 917 456 957 Scipione,
476 924 528 953 27,
546 917 595 945 28.
616 925 665 956 19.
688 915 911 954 transgreditur
923 916 956 946 in
973 916 1127 954 Galliam,
1146 918 1198 956 36.
1223 918 1330 948 transit
1347 917 1406 947 Al-

260 970 329 1000 pes,
348 969 398 1000 39.
414 959 534 989 obsidet
551 959 761 991 Placentiam,
779 966 809 988 et
822 958 972 996 abscedit,
989 969 1042 998 43.
1060 962 1141 989 mira
1155 961 1225 998 ejus
1237 960 1407 1000 prudentia

261 1009 294 1033 et
309 1002 444 1037 solertia,
455 1010 513 1041 .47.
529 1002 668 1031 vincitur
684 1002 723 1031 ad
739 1001 938 1038 Metaurum,
956 1003 1009 1040 48.
1026 1012 1079 1042 49.
1104 1013 1253 1042 pugnans
1266 1004 1404 1043 egregie,

261 1046 359 1080 cadit,
372 1045 444 1075 ibid.
466 1046 533 1082 ejus
547 1054 644 1084 caput
661 1044 838 1083 projeEkum
852 1052 926 1074 ante
942 1046 1090 1075 stationes
1106 1046 1290 1083 Annibalis,
1308 1055 1360 1086 51.

216 1088 375 1120 Asdrubal
399 1088 517 1118 Calvus
541 1088 572 1118 in
598 1088 778 1118 Sardiniam
802 1088 925 1123 mifi'us,
944 1097 995 1126 23,
1013 1098 1064 1126 32.
1080 1095 1111 1118 et
1136 1099 1187 1129 34.
1215 1090 1354 1120 vincitur
1374 1095 1408 1119 et

262 1142 298 1162 ca
327 1138 400 1168 itur,
441 1142 472 1166 0,
518 1141 542 1161 1.

217 1143 387 1210 Asdrpbal,
405 1141 552 1213 &isggnis
575 1173 673 1209 filius,
689 1174 798 1203 tertius
822 1173 1132 1212 Carthaginiensium
1150 1174 1216 1204 dux
1235 1175 1266 1204 in
1292 1174 1408 1213 Hispa-

262 1218 328 1254 nia,
347 1227 399 1256 24,
412 1227 466 1256 41.
490 1217 529 1246 ad
546 1217 715 1246 Oceanum
741 1216 906 1254 Gadesque
929 1217 1089 1253 concedit,
1108 1219 1160 1255 28,
1182 1227 1209 1247 1.
1235 1227 1311 1247 cum
1334 1218 1407 1247 Ma-

261 1269 346 1299 gone
362 1260 486 1290 bellum
511 1260 673 1295 instaurat,
700 1268 748 1289 12.
773 1268 791 1288 a
814 1259 964 1297 Scipione
979 1259 1119 1298 fugatur,
1140 1267 1170 1290 et
1187 1261 1331 1297 caeditur,
1355 1268 1406 1300 15,

264 1303 314 1333 16.
333 1303 412 1341 sugit
428 1302 546 1339 Gades,
565 1302 636 1332 ibid.
657 1303 689 1331 in
704 1302 862 1339 Africam,
880 1309 930 1338 17.
951 1302 1108 1332 Asdrubal
1124 1310 1153 1332 et
1171 1304 1277 1343 Scipio
1293 1303 1408 1333 eodem

260 1345 345 1375 tefflo
370 1347 578 1384 recipiuntur,
603 1354 732 1383 unaque
750 1353 894 1382 coenant,
916 1346 964 1375 18.
988 1345 1172 1376 Asdrubalis
1195 1347 1234 1376 de
1256 1347 1408 1385 Scipione

257 1388 436 1426 judicium,
460 1388 533 1418 ibid.
565 1387 632 1425 ejus
657 1388 758 1417 filiam
785 1389 875 1418 ducit
899 1389 1045 1428 Syphax,
1064 1399 1117 1429 29,
1137 1398 1188 1427 23.
1215 1388 1356 1426 ejusdem
1376 1396 1408 1419 et

262 1431 419 1470 Syphacis
434 1431 580 1470 ingentes
606 1431 709 1470 copiae
725 1431 871 1461 adversus
886 1431 1086 1470 Scipionem,
1104 1439 1156 1472 35.
1184 1441 1296 1462 eorum
1317 1432 1404 1471 fuga,

263 1484 316 1512 30,
335 1481 367 1513 5.
385 1474 415 1503 6.

218 1516 375 1548 Asdrubal
388 1516 508 1546 Haedus
521 1517 607 1554 pacis
617 1516 725 1546 aufior
736 1515 1061 1555 Carthaginiensibus,
1071 1525 1184 1555 30,42.
1193 1515 1262 1553 ejus
1272 1523 1408 1548 acutum

264 1559 462 1599 responsum,
479 1559 550 1589 ibid.
574 1559 744 1589 Annibalis
760 1559 857 1590 risum
873 1560 907 1590 in
924 1560 1054 1599 publico
1068 1559 1145 1589 fletu
1161 1560 1315 1598 increpat,
1331 1569 1385 1600 44.

217 1602 254 1633 L.
271 1602 397 1632 Asellio.
414 1601 481 1632 vid.
495 1603 714 1641 Sempronius,

218 1646 336 1680 Asena,
354 1645 427 1675 urbs
444 1646 476 1674 in
492 1644 657 1684 Hispania,
676 1655 727 1683 23,
744 1652 795 1682 27.

218 1689 293 1720 Asia
308 1687 460 1725 imbellis,
479 1699 511 1727 9,
534 1697 580 1727 19.
597 1689 785 1718 amoenitate
801 1687 930 1718 urbium
948 1693 979 1717 et
995 1687 1088 1727 copia
1103 1686 1406 1718 terrestriummati-

261 1731 482 1769 timarumque
495 1740 615 1768 rerum,
631 1731 771 1767 ditiores,
786 1740 885 1770 quam
900 1731 1055 1768 fortiores,
1072 1731 1146 1760 facit
1160 1731 1332 1767 exercitus,
1351 1741 1405 1770 39,

267 1784 296 1804 1.
321 1774 393 1804 Asia
410 1780 476 1804 tota
492 1774 600 1804 inania
624 1775 703 1813 parit
719 1775 859 1813 ingenia,
876 1783 930 1813 45,
950 1784 1000 1813 23.
1037 1775 1069 1803 in
1086 1773 1195 1803 Asiam
1218 1774 1406 1811 transgredi-

262 1823 362 1847 untur
388 1817 541 1853 Romani,
559 1824 614 1855 37,
632 1827 683 1855 33.
708 1818 851 1847 civitates
879 1816 992 1847 multae
1020 1817 1050 1847 se
1072 1816 1192 1846 dedunt
1208 1816 1245 1847 L.
1261 1817 1404 1857 Scipioni

264 1860 401 1896 consuli,
419 1866 450 1889 et
466 1860 585 1898 legatos
603 1861 737 1890 mittunt
751 1860 904 1895 Romam,
917 1868 972 1900 45.

218 1903 331 1934 Asiam
347 1902 432 1932 Galli
449 1902 637 1941 veffigalem
654 1903 788 1939 faciunt,
809 1904 861 1941 38,
883 1905 932 1934 16.

221 1945 365 1982 Asiatici,
382 1945 584 1975 mitissimum
601 1955 701 1984 genus
717 1947 905 1982 hominum,
923 1946 975 1985 38,
996 1952 1046 1982 17,
1095 1980 1099 1983 ,

221 1988 352 2020 Asiatici
374 1988 478 2019 Graeci
496 1988 651 2018 levissima
674 1989 745 2019 sunt
765 1998 884 2029 genera
905 1990 1094 2025 hominum,
1113 1994 1144 2018 et
1156 1987 1299 2017 servituti
1315 1994 1404 2027 nata,

269 2033 321 2070 36,
343 2040 391 2068 17.

221 2075 381 2106 Asiaticus
397 2073 554 2103 exercitus
569 2074 692 2104 invenit
703 2074 820 2104 luxum
834 2074 988 2110 Romam,
1005 2082 1057 2112 39,
1074 2074 1105 2103 6.

222 2117 380 2148 Asiaticus
392 2117 640 2155 cognominatur
652 2117 813 2157 L.Scipio‚
828 2126 880 2155 37,
891 2118 942 2158 58.
957 2117 1042 2147 idem
1052 2122 1083 2146 et
1092 2114 1276 2155 Afiagones,
1288 2125 1340 2154 39,
1352 2126 1406 2157 44.

223 2160 361 2195 Asnaus,
380 2168 488 2195 mom,
505 2169 558 2198 32,
577 2165 607 2198 5.

224 2202 362 2242 Asopus,
377 2203 508 2238 fluvius,
527 2203 580 2240 36,
595 2212 645 2232 22.

225 2245 389 2283 Aspendii,
402 2245 600 2285 Pamphyliae
617 2244 741 2283 populi,
758 2251 810 2282 37,
828 2254 878 2283 23.
895 2245 948 2282 38,
968 2253 1016 2284 15.

225 2289 312 2325 Asta,
328 2287 485 2328 oppidum
503 2288 678 2327 Hispaniae,
695 2288 818 2327 capitur
841 2297 860 2318 a
875 2288 1043 2324 Romanis,
1061 2295 1116 2326 39,
1133 2296 1184 2317 21.

224 2331 362 2362 Astensis
379 2340 463 2368 ager,
482 2340 535 2369 39,
550 2340 600 2360 21.

227 2374 357 2413 Astapa,
370 2375 458 2409 urbs,
476 2376 529 2410 28,
550 2383 599 2404 22.

228 2417 414 2458 Astapenses
441 2418 472 2447 in
500 2417 662 2447 obsidione
686 2417 771 2447 urbis
793 2415 822 2446 se
838 2416 968 2456 suosque
984 2416 1160 2447 interficere
1175 2415 1330 2453 statuunt,
1353 2416 1405 2452 28,
