1572 2616
427 163 801 195 msa-ommium
837 163 1043 194 Lrssnos.
1250 151 1327 207 163

138 243 311 286 Nepheris,
325 244 496 286 oppidum,
513 245 597 285 Epit.
616 252 667 286 51.

139 288 313 328 Neptuniae
327 298 432 328 aquae,
451 299 503 328 39,
518 298 573 329 44.

139 330 315 371 Neptunus
331 332 519 363 leffisternio
535 332 692 371 placatus,
711 339 739 372 5,
761 340 810 370 13.
835 341 889 369 22,
906 339 957 362 10.

139 373 285 414 Neptuni
302 385 354 405 ara
369 376 401 405 in
418 376 504 406 circo
520 375 693 413 Flaminio,
712 375 766 414 28,
787 384 836 407 11.

138 417 342 457 Nequinum,
359 418 424 448 vid.
441 419 574 450 Narnia.

138 460 238 498 Nero,
252 461 318 492 vid.
337 462 502 492 Claudius.

137 502 258 542 Nerva,
274 504 340 534 vid.
359 506 512 535 Licinius.

139 546 314 585 Nerulum,
331 549 502 588 oppidum,
519 548 549 578 vi
567 554 700 588 captum
717 558 735 578 a
751 547 921 583 Romanis,
939 557 971 586 9,
989 555 1042 578 20.

140 590 334 628 Nesattium,
359 592 517 631 oppidum
543 592 652 628 Istriae,
675 591 836 622 obsidetur
855 600 874 621 a
896 591 1065 628 Romanis,
1080 598 1133 630 41,
1153 594 1204 629 ¹5·
1227 587 1336 620 obseffi

182 633 337 674 conjuges
352 641 383 664 et
399 635 514 666 liberos
536 635 704 673 occidunt,
721 642 751 665 et
768 634 877 675 palam
897 635 929 665 in
946 634 1047 665 muris
1069 633 1241 664 trucidatos
1257 641 1339 673 prae-

181 677 330 716 cipitant,
347 678 420 710 ibid.

138 719 291 758 Nesiotae‚
308 720 433 761 populi,
451 722 504 760 38,
523 722 574 753 28.

139 762 266 800 Neffus,
282 763 421 802 flumen,
437 772 493 804 45,
513 774 565 804 29.

139 806 225 837 Nexi
243 807 284 837 ob
297 816 341 838 aes
357 807 516 846 alienum,
534 818 566 845 2,
584 814 635 844 27.
661 806 768 845 soluti,
783 813 982 848 cautumque
998 806 1031 837 in
1048 806 1210 846 posterum
1226 814 1267 836 ne
1282 813 1341 836 ne-

182 848 352 888 cterentur,
369 853 402 888 8,
422 853 473 883 28.
490 851 557 882 vid.
575 851 633 882 AEs
649 851 807 882 alienum.

139 891 267 930 Nicaea,
284 894 359 924 urbs
375 895 406 924 in
423 894 492 925 sinu
511 894 667 932 Maliaco,
684 896 738 932 28,
758 901 788 934 5.
811 904 864 933 32,
882 902 934 933 32.
951 899 982 924 et
1001 899 1052 933 35.

141 935 267 973 Nicaea,
283 946 364 967 uxor
380 937 511 975 Crateri,
529 946 584 978 35,
602 939 653 969 26.

140 978 306 1009 Nicander
321 980 360 1010 ab
378 980 494 1010 AEtolis
510 980 633 1020 legatus
649 981 790 1012 mittitur
805 981 845 1011 ad
863 979 1064 1019 Philippum,
1080 984 1116 1009 ut
1131 988 1208 1009 eum
1231 977 1342 1008 conci-

183 1028 230 1053 tet
256 1023 296 1053 ad
320 1023 445 1054 bellum
468 1024 671 1062 Romanum,
699 1032 752 1064 35,
773 1034 821 1055 12.
847 1023 886 1053 ab
913 1033 983 1063 rege
1007 1023 1172 1053 Antiocho
1195 1022 1341 1059 veniens,

187 1065 302 1105 implet
331 1076 414 1097 vana
443 1067 666 1107 expeetauone
697 1067 943 1098 multitudinem
970 1065 1170 1103 AEtolorum,
1205 1066 1258 1104 36,
1289 1073 1341 1104 29.

188 1116 306 1148 praetor
322 1110 522 1147 AEtolorum,
538 1113 592 1150 38,
611 1121 639 1141 1.
663 1111 731 1149 ejus
748 1121 794 1142 res
811 1111 917 1151 gestae,
933 1121 965 1150 4.
983 1117 1013 1150 5.
1031 1116 1063 1139 et
1080 1109 1110 1139 6.

143 1150 308 1182 Nicander
323 1154 527 1193 archipirata,
546 1163 600 1193 37,
621 1164 632 1184 1
645 1164 670 1184 1.

144 1194 303 1234 Nicanor,
316 1206 400 1226 unus
416 1206 455 1227 ex
474 1198 653 1238 purpuratis
667 1196 820 1237 Philippi,
840 1205 890 1235 33,
907 1197 937 1226 8.

143 1236 311 1269 Nicatores
326 1241 411 1279 apud
427 1241 531 1270 Persas
545 1247 635 1271 erant
651 1240 769 1270 milites
785 1240 926 1270 cohortis
941 1238 1048 1278 regiae,
1066 1247 1120 1279 43,
1140 1247 1192 1270 21.

141 1280 395 1321 Nicephorium,
412 1283 506 1314 lucus
522 1285 562 1314 ad
579 1286 784 1324 Pergamum,
803 1293 856 1323 32,
875 1293 927 1322 33.
944 1289 976 1313 et
992 1292 1044 1323 34.

141 1323 267 1363 Nicias,
283 1333 398 1365 praetor
410 1328 620 1364 Achaeorum,
640 1330 693 1364 28,
712 1330 741 1358 8.

143 1366 255 1398 Nicias
271 1369 357 1399 clam
375 1370 564 1401 interficitur
578 1381 595 1402 a
614 1371 733 1407 Perseo,
749 1379 805 1410 44,
825 1379 874 1400 10.

144 1409 245 1447 Nico,
260 1412 608 1450 TarentinuSJuvenis‚
634 1413 857 1451 conjuratione
879 1411 961 1442 faffla
985 1420 1063 1442 cum
1087 1410 1157 1442 aliis
1181 1408 1348 1445 nobilibus

182 1452 372 1488 juvenibus,
391 1457 493 1489 prodit
513 1457 664 1480 Annibali
680 1457 875 1486 Tarentum,
894 1462 947 1489 ²5.
965 1456 994 1485 8,
1013 1461 1044 1483 et
1060 1465 1091 1489 9,
1115 1454 1184 1486 eius
1207 1463 1285 1484 cum
1299 1453 1347 1483 D.

188 1493 324 1522 Quintio
347 1499 525 1530 certamen,
545 1495 596 1530 26,
615 1503 667 1534 39.
692 1494 778 1523 hasta
804 1492 961 1531 transfigit
987 1492 1176 1529 Quintium,
1194 1491 1265 1522 ibid.
1289 1500 1346 1522 oc.

187 1535 304 1566 ciditur
321 1545 480 1575 pugnans,
498 1547 601 1576 quum
618 1543 782 1576 caperetur
795 1536 991 1571 Tarentum,
1009 1542 1063 1571 27,
1084 1536 1134 1565 16.

143 1577 359 1616 Nicodamus,
375 1580 443 1610 dux
459 1579 658 1619 AEtolomm‚
676 1578 798 1610 auxilio
822 1579 960 1609 mittitur
982 1578 1165 1608 Ambraciae
1184 1577 1271 1616 urbi,
1290 1578 1346 1617 38,

212 1644 219 1652 .
235 1628 266 1652 et
284 1623 313 1652 6.

143 1629 354 1703 thomedes,
371 1666 532 1707 Bithyniae
555 1675 623 1704 rex,
640 1665 800 1707 Zyboeam
824 1664 945 1695 auxilio
966 1664 1137 1695 Gallorum
1158 1664 1273 1703 vincit,
1291 1665 1347 1704 38,

193 1710 242 1739 16.

144 1750 354 1788 Nicomedes,
373 1751 457 1782 filius
473 1751 599 1789 Prufiae,
616 1761 692 1782 curn
719 1759 806 1791 patre
829 1752 971 1782 Romam
993 1751 1096 1789 venit,
1109 1757 1168 1791 45,
1182 1759 1236 1791 44.
1253 1759 1346 1782 com-

190 1795 362 1824 mendatur
377 1804 395 1824 a
412 1801 498 1834 patre
516 1796 650 1830 senatui,
668 1795 739 1824 ibid.

145 1836 353 1873 Nicomedes,
372 1838 537 1877 superioris
551 1848 591 1868 ex
606 1838 691 1878 Nysa
706 1847 804 1868 uxore
820 1837 917 1868 filius,
944 1837 1017 1867 Vid.
1036 1837 1121 1876 Epit.
1141 1836 1191 1873 76.
1210 1847 1264 1877 93.

145 1878 356 1915 Nicostratus,
371 1881 567 1912 Achaeorum
585 1888 710 1921 praetor,
727 1890 778 1920 32,
796 1890 847 1920 39.
864 1888 895 1910 ct
909 1891 962 1920 40.
987 1881 1054 1918 ejus
1072 1881 1271 1919 strategema,
1290 1889 1346 1919 33,

194 1932 242 1961 14.
266 1929 297 1953 et
314 1923 456 1961 victoria,
480 1932 527 1963 ¹5-

146 1965 254 2002 Nilus,
272 1976 326 2006 44,
350 1976 397 2005 ¹9·
423 1976 476 2006 per
492 1966 607 1997 Nilum
625 1976 705 2006 pons
722 1966 932 1997 tumultuario
949 1976 1042 2007 opere
1059 1965 1173 2004 factus,
1191 1965 1264 1996 ibid.

149 2008 215 2038 Nili
233 2011 349 2039 ostium
367 2010 579 2043 Pelusiacum,
596 2018 650 2049 45,
673 2018 720 2039 ιι.
737 2016 766 2039 et
788 2019 835 2040 12.

148 2051 290 2082 Nisuetae
308 2060 386 2082 inter
403 2052 524 2083 auxilia
541 2053 756 2088 Rhodiorum,
775 2062 827 2091 33,
850 2053 897 2083 18.

148 2094 282 2125 Nobiles
296 2096 461 2135 deponunt
480 2096 617 2126 annulos
633 2105 745 2126 aureos
761 2102 791 2125 et
809 2096 967 2134 phaleras,
987 2107 1019 2135 9,
1037 2095 1090 2134 46.

148 2136 318 2171 Nobilitas,
333 2146 368 2169 ut
385 2140 450 2169 duo
465 2139 643 2169 consularia
660 2139 730 2169 loca
747 2149 763 2169 a
781 2139 872 2178 plebe
893 2145 1102 2179 recuperaret,
1127 2137 1201 2168 totis
1225 2137 1347 2169 viribus

193 2180 367 2218 incumbit,
387 2191 438 2218 ιο,
461 2189 507 2222 ι5.

150 2222 254 2253 Not‘te
269 2223 325 2253 lux
341 2225 464 2261 oborta,
480 2225 547 2256 vid.
563 2225 759 2264 Prodigium.

149 2264 235 2296 Nola
259 2267 383 2305 capitur
409 2278 428 2298 a
454 2268 624 2306 Romanis,
650 2278 682 2306 9,
709 2271 760 2299 28.
788 2275 993 2308 oppugnatur
1019 2267 1058 2297 ab
1086 2265 1261 2304 Annibale,
1289 2275 1341 2305 23,

199 2310 331 2346 14-16.
358 2311 487 2347 iterum,
504 2313 645 2351 43—46.

152 2349 298 2381 Nolanus
315 2351 440 2382 senatus
454 2353 690 2391 Romanorum,
708 2353 797 2394 plebs
812 2354 857 2383 est
872 2353 1053 2392 Annibalis,
1073 2362 1125 2392 23,
1147 2363 1196 2393 ¹4·
1212 2358 1243 2383 et
1260 2361 1313 2392 39.

152 2392 281 2425 Nolana
297 2393 386 2435 plebs
398 2403 490 2427 vocat
505 2397 716 2436 Annibalem,
735 2407 787 2437 24,
809 2406 859 2436 13·
