1572 2616
215 126 267 170 16
558 135 722 166 mnnx
755 136 809 164 IN
847 137 892 166 Τ.
915 137 1047 168 L1v11

211 224 365 258 Amulius
387 222 476 263 pellit
491 222 700 255 Numitorem
721 224 850 255 fratrem
874 224 1045 265 majorem,
1061 230 1104 264 et,
1128 230 1164 257 ut
1180 224 1266 266 spem
1282 231 1392 266 partus

253 269 354 300 Rheae
377 266 483 298 Silviae
505 267 671 304 adimeret,
687 277 760 297 eam
783 268 941 299 Vestalem
963 268 1052 308 legit,
1072 278 1101 306 1,
1119 278 1149 308 3.
1173 269 1307 300 Amulio
1327 270 1391 300 Re—

253 321 330 343 mus
346 317 458 350 captus
480 311 626 348 traditur,
644 317 674 350 5.
705 310 858 341 Amulius
878 312 1099 349 obtruncatur,
1121 318 1153 343 et
1177 312 1331 343 Numitor
1347 322 1393 343 re-

255 355 407 391 stituitur,
425 353 496 383 ibid.
514 360 541 382 et
558 355 587 384 6.

212 397 392 433 Amufitus,
408 397 553 436 princeps
564 396 812 434 Ausetanorum,
829 397 869 427 ad
878 396 1087 428 Asdrubalem
1103 398 1254 438 profugit,
1273 408 1327 438 21,
1340 399 1392 431 61.

212 439 375 481 Amyclae,
395 449 447 478 34,
466 440 516 470 28.

212 483 433 524 Amynander,
451 484 676 512 Athamanum
693 491 761 519 rex,
780 489 833 520 27,
853 491 902 521 30.
929 492 981 523 29,
1000 493 1049 515 12.
1399 514 1405 519 x

299 526 386 555 venit
403 525 436 554 in
452 526 550 554 castra
564 525 798 561 Romanorum,
816 525 913 564 iisque
929 526 1050 556 auxilia
1063 525 1232 565 promittit,
1250 535 1303 564 31,
1322 526 1375 558 28.

297 568 440 598 Phecam
460 568 616 606 oppidum
638 568 736 606 capit,
755 574 785 596 et
806 568 988 608 Gomphos,
1005 575 1100 608 atque
1121 568 1317 599 Thessaliam
1340 578 1399 608 po-

255 610 393 650 pulatur,
413 619 464 648 32,
486 620 534 648 14.

299 662 376 682 curn
389 653 614 682 Athamanum
631 652 776 691 peditum
794 653 940 683 ducentis
955 659 986 683 et
1003 653 1093 683 mille
1113 654 1143 684 se
1161 654 1269 693 jungit
1293 654 1398 684 Ouin-

255 696 302 725 tio
318 695 451 728 consuli,
470 705 522 733 33,
540 705 569 733 3.
594 701 679 725 tenet
700 695 837 732 castella,
855 705 927 735 quae
942 706 996 736 per
1011 697 1085 727 belli
1102 703 1229 737 tempus
1246 697 1395 736 Philippo

257 738 431 774 ademerat,
451 747 501 776 34.

299 790 376 811 eum
392 787 493 810 tentat
509 781 704 817 Antiochus,
723 789 776 820 35,
793 788 846 820 47.

298 823 464 853 Antiocho
482 823 510 852 se
521 823 702 861 conjungit,
721 826 773 862 36,
791 833 819 861 9.
830 833 908 853 cum
919 824 1145 854 Athamanum
1157 824 1329 862 juventute
1343 832 1397 854 oc-

257 873 355 905 cupat
371 866 570 899 Pellinaeum,
585 876 633 896 10.
646 875 721 896 cum
739 867 875 905 conjuge
888 876 924 896 ac
940 867 1045 897 liberis
1056 867 1264 897 Ambraciam
1279 867 1308 896 se
1319 876 1397 896 con-

255 910 328 947 fert,
348 919 396 948 14.
414 919 489 938 eum
508 908 561 938 fibi
579 909 618 938 ab
635 909 752 938 AEtolis
769 910 839 939 dedi
858 910 935 948 petit
954 910 1013 940 M'.
1034 910 1155 940 Acilius
1172 910 1302 940 Glabrio
1319 918 1397 940 con-

256 951 317 988 sul,
337 953 388 983 28.
404 952 573 991 Zacyntho
586 951 722 981 donatur
736 962 753 981 a
770 952 917 992 Philippo
933 962 1003 991 rege
1023 953 1253 988 Macedonum,
1274 961 1325 990 31.

301 995 389 1034 pellit
403 994 598 1024 Macedones
609 1004 647 1024 ex
661 996 871 1032 Athamania,
888 996 941 1034 38,
959 1005 986 1026 1.
1000 996 1099 1025 mittit
1111 995 1230 1034 legatos
1242 996 1396 1031 Romam,

257 1042 289 1067 et
303 1038 343 1066 ad
357 1038 520 1076 Scipiones
539 1038 571 1066 in
587 1037 707 1073 Asiam,
727 1047 756 1075 3.
773 1039 861 1067 venit
878 1039 910 1068 in
923 1040 1021 1068 castra
1036 1039 1272 1076 Romanorum,
1284 1044 1315 1068 et
1329 1037 1399 1067 effi-

258 1081 316 1117 cit,
332 1087 367 1109 ut
383 1080 556 1109 Ambracia
569 1080 597 1109 se
613 1080 706 1110 dedat
723 1081 890 1118 Romanis,
908 1091 940 1119 9.

213 1123 379 1158 Anabura,
398 1124 451 1160 38,
473 1130 521 1161 15.

214 1166 376 1203 Anagnia,
392 1174 447 1203 45,
466 1167 515 1195 16,

215 1209 395 1246 Anagninis
412 1209 522 1237 civitas
536 1207 599 1237 fine
613 1206 732 1237 latione
748 1207 883 1248 suffragii
901 1208 982 1242 data,
999 1218 1031 1249 9,
1048 1216 1103 1247 43.

214 1251 427 1288 Anagninum
444 1251 638 1289 compitum,
658 1257 711 1288 27,
726 1259 758 1290 4.

215 1294 408 1331 Anagninus
424 1302 508 1330 ager,
528 1294 579 1328 26,
594 1301 624 1330 9.

215 1337 363 1374 Anapus,
381 1335 511 1372 fluvius,
530 1346 583 1374 24,
603 1335 653 1373 36.

215 1378 345 1408 Ancilla
362 1377 445 1407 coelo
459 1378 602 1414 demiffa,
623 1387 652 1414 1,
672 1387 721 1408 20.
734 1376 799 1407 vid.
818 1384 849 1417 5,
862 1384 913 1417 52.
930 1378 1008 1415 dies,
1023 1376 1139 1416 quibus
1152 1382 1323 1408 moventur
1331 1377 1400 1408 An-

260 1420 346 1456 cilia,
366 1420 497 1458 religiosi
514 1421 666 1450 exercitui
679 1420 786 1449 aditer
800 1420 999 1457 faciendum,
1019 1429 1072 1459 37,
1088 1429 1138 1459 33.

215 1463 346 1494 Ancilla
360 1463 479 1492 indicat
492 1463 532 1493 Q.
550 1463 648 1493 Fabio
662 1463 821 1500 maximo,
835 1463 920 1492 aedili
937 1464 1052 1500 curuli,
1065 1462 1221 1493 veneficia
1236 1469 1398 1493 matrona-

260 1515 343 1538 rum,
359 1506 391 1542 8,
411 1505 459 1534 18.

215 1549 366 1584 Ancona,
381 1557 437 1587 41,
457 1555 486 1587 5.

216 1593 327 1621 Ancus
346 1591 487 1620 Marcius
504 1599 557 1619 rex
574 1596 709 1626 creatur,
725 1588 853 1628 ejusque
877 1599 923 1619 res
940 1591 1044 1629 gestae,
1065 1599 1094 1625 1,
1111 1598 1162 1627 32.
1182 1598 1230 1627 33.
1249 1588 1403 1626 moritur,

261 1635 430 1672 postquam
456 1633 597 1670 regnavit
621 1641 723 1662 annos
739 1638 875 1670 quatuor
891 1639 922 1662 et
937 1632 1063 1671 viginti,
1081 1639 1133 1672 35.
1155 1632 1222 1668 ejus
1241 1631 1297 1662 filii
1319 1640 1397 1661 con—

260 1677 378 1715 spirant
394 1683 504 1704 contra
518 1675 733 1714 Tarquinium
751 1675 905 1713 Priscum,
921 1684 975 1714 40.
994 1697 998 1700 -

216 1719 360 1758 Ancyra,
376 1718 450 1748 urbs
464 1717 592 1753 nobilis,
610 1719 663 1756 38,
680 1726 731 1756 24.

215 1762 379 1798 Andania,
392 1770 527 1800 parvum
540 1761 711 1799 oppidum,
728 1759 782 1798 36,
797 1769 812 1798 3
823 1769 848 1790 ῐ.

216 1804 477 1836 Andranodorus„
491 1813 586 1842 gener
600 1802 762 1839 Hieronis,
779 1808 864 1832 tutor
881 1801 1085 1842 Hieronymi,
1103 1810 1213 1840 regum
1230 1800 1397 1841 Syracusa—

260 1856 390 1883 norum,
406 1857 457 1886 24‚
473 1856 503 1884 4.
523 1847 590 1885 post
607 1846 729 1875 caedem
747 1845 952 1885 Hieronymi,
970 1844 1111 1874 Insulam
1136 1851 1166 1874 et
1183 1853 1288 1874 arcem
1307 1843 1397 1884 Syra-

260 1889 341 1919 cusis
357 1896 507 1928 occupat,
527 1898 576 1919 21.
594 1888 632 1917 ad
649 1898 725 1917 eum
742 1887 822 1917 missi
840 1887 933 1926 legati
950 1897 968 1917 a
985 1886 1181 1927 Syracusano
1197 1886 1325 1926 populo,
1344 1896 1396 1923 22,

260 1932 344 1962 cedit
373 1933 521 1970 tempori,
552 1930 623 1960 ibid.
649 1931 715 1968 ejus
742 1930 841 1960 oratio
867 1930 906 1960 ad
932 1929 1157 1971 Syracusanos,
1180 1929 1250 1960 ibid.
1274 1934 1396 1958 creatur

261 1980 389 2013 praetor,
408 1983 455 2011 23.
474 1974 640 2005 occiditur,
659 1983 709 2012 24.

215 2017 402 2054 Andriscus,
421 2015 717 2055 Pseudophilippus,
734 2015 818 2053 Epit.
834 2015 886 2053 48.
901 2023 954 2051 49.
966 2019 1018 2053 52.

215 2059 404 2095 Androcles,
421 2059 567 2097 princeps
583 2059 806 2094 Acarnanum,
822 2066 874 2094 33,
896 2058 944 2086 16.

216 2102 393 2133 Androcles
410 2101 574 2139 praefectus
591 2100 702 2137 Persei,
722 2108 775 2138 44,
794 2108 846 2136 32.

216 2145 431 2184 Anrlrogynus
444 2142 595 2173 Sinuessae
611 2148 717 2178 natus,
735 2150 788 2177 27,
810 2151 821 2170 1
832 2150 858 2170 1.

215 2187 432 2226 Androgynus
449 2186 538 2215 vivus
552 2186 584 2214 in
599 2194 707 2214 arcam
721 2183 882 2220 conditus,
898 2188 929 2212 et
945 2182 976 2211 in
992 2191 1079 2212 mare
1094 2179 1261 2221 projeetus,
1280 2188 1332 2219 27,
1346 2188 1397 2220 37.

215 2230 434 2264 Andronicm,
453 2227 628 2258 Andronici
649 2226 745 2262 filius,
761 2226 902 2262 AEtolus,
925 2225 1010 2264 quod
1030 2234 1120 2255 arma
1143 2232 1254 2255 contra
1276 2225 1398 2256 Roma-

260 2281 319 2301 nos
335 2272 462 2307 tulisset,
481 2271 575 2300 securi
591 2270 777 2308 percutitur,
792 2278 844 2308 45,
864 2277 913 2306 3¹·

216 2315 421 2345 Andronicus
438 2313 588 2349 Macedo,
607 2319 659 2351 37,
681 2321 728 2350 13.

217 2357 420 2388 Andronicus
434 2365 452 2387 a
466 2356 572 2388 Perseo
585 2355 786 2394 interficitur,
801 2362 857 2396 44,
878 2362 928 2386 10.
943 2351 1009 2387 vid.
1024 2351 1157 2385 Perseus,
