1572 2616
202 142 282 185 206
549 154 713 184 murex
748 154 802 183 m
837 154 883 183 T.
913 154 1046 184 L1V11

251 235 340 273 piam
355 232 489 274 Capuae,
507 240 561 275 25,
581 244 630 274 13.
654 234 722 273 eJus
740 235 837 265 castra
859 235 1031 274 capiuntur
1053 243 1071 264 a
1093 233 1263 274 Romanis,
1283 245 1331 276 14.
1349 235 1397 266 su-

252 278 298 316 git
313 279 347 307 in
357 277 508 315 Bruttios,
527 277 599 308 ibid.
621 279 731 318 praeest
745 278 887 319 praesidio
904 278 1095 318 Metaponti,
1115 286 1166 316 27,
1182 288 1236 319 42.

211 320 334 352 Hanno
348 321 466 361 Capuae
482 322 591 361 praeest
605 321 748 361 praesidio
764 322 899 360 Punico,
917 322 970 359 26,
988 330 1018 362 5.
1035 328 1063 351 et
1081 331 1131 353 12.

211 364 347 401 Hanno,
362 364 469 395 relifiia
484 364 605 402 Sicilia,
621 365 737 403 trajicit
752 366 785 395 in
801 366 959 402 Africam,
974 365 1027 401 26,
1043 375 1098 405 40.

212 408 349 446 Hanno,
365 417 469 439 novus
484 409 668 448 imperator,
686 409 720 438 in
737 408 926 449 Hispaniam
944 417 984 438 ex
998 408 1117 445 Africa,
1141 408 1174 438 in
1197 407 1308 437 locum
1325 407 1402 437 Bar-

255 451 321 481 cini
344 451 541 489 Asdrubalis,
563 452 799 491 transgreditur,
825 453 877 489 28,
898 462 926 482 1.
949 451 1096 482 adversus
1121 460 1197 482 eurn
1223 451 1360 480 mittitur
1385 460 1403 480 a

257 493 408 533 Scipione
424 494 472 525 M.
490 495 631 533 Silanus,
646 495 719 527 ibid.
743 495 863 526 Hanno
881 496 972 526 vivus
995 495 1117 535 capitur
1140 504 1158 525 a
1182 494 1351 531 Romanis,
1371 503 1405 535 25

257 537 397 568 mittitur
411 537 566 575 Romam,
584 548 615 578 4.

217 579 350 618 Hanno,
365 580 529 620 praefefiius
545 581 708 621 Magonis,
727 583 778 618 28,
797 591 849 620 23.
871 581 1015 612 funditur
1030 590 1049 611 a
1063 581 1098 611 L.
1115 580 1253 616 Marcio,
1272 589 1323 618 30.

215 622 351 660 Hanno,
381 624 499 654 nobilis
521 624 663 662 juvenis,
691 625 846 664 equitatui
872 625 994 655 Punico
1025 623 1204 664 praesedius,
1233 624 1267 653 in
1296 631 1404 663 pugna

258 667 391 705 equestri
407 668 575 704 occiditur,
594 677 646 706 29,
664 678 716 708 29.
731 668 797 698 vid.
815 675 842 698 et
859 677 909 708 35.

216 708 352 746 Hanno,
368 710 539 741 Amilcaris
553 710 651 748 filius,
667 711 832 750 praefefitus
847 711 968 741 Punico
987 710 1155 749 equitatui,
1173 719 1224 749 29,
1244 719 1294 749 34.
1317 708 1403 739 elici-

259 759 311 783 tur
326 762 345 782 a
360 752 521 784 Masinissa
536 754 575 784 ad
591 764 748 793 pugnam,
764 754 905 784 vincitur
921 760 950 784 et
966 754 1164 789 interficitur,
1182 753 1253 783 ibid.

215 794 353 832 Hanno,
370 796 543 827 Amilcaris
559 797 656 834 filius,
671 805 727 837 45,
748 807 796 837 14.

215 839 410 876 Harmonia,
427 839 558 870 Gelonis
573 840 652 878 filia,
666 841 833 871 Themisto
849 846 963 880 nupta,
982 849 1035 879 24,
1055 849 1107 878 24.
1129 838 1298 876 occiditur,
1317 846 1367 878 25.

217 881 440 921 Harpagones,
457 883 566 913 afferes
580 884 678 913 ferreo
694 893 779 914 unco
796 883 929 923 praefixi,
947 892 998 921 30,
1019 891 1068 912 10.

216 924 392 964 Harpalus,
410 927 557 966 princeps
572 926 738 965 legationis
751 926 862 963 Persei,
875 927 1006 957 offendit
1023 925 1201 962 Romanos,
1214 935 1271 964 42,
1291 932 1339 962 14.

216 967 393 1007 Harpasus,
409 968 545 1006 flumen,
565 971 617 1006 38,
637 979 687 1008 13.

217 1010 399 1050 Haruspex,
415 1011 481 1041 vid.
499 1012 655 1050 Amspex.

218 1053 412 1091 Hasdrubal,
438 1054 608 1084 Mafinifl'ae
632 1064 744 1094 nepos,
768 1054 852 1094 Epit.
876 1061 927 1094 50.
952 1063 1030 1084 cum
1051 1053 1190 1084 exercitu
1214 1062 1232 1082 a
1257 1052 1407 1091 Scipione

261 1096 394 1134 deletur,
412 1097 496 1136 Epit.
513 1106 565 1138 51.
588 1107 671 1128 uxor
686 1097 755 1135 ejus
777 1107 854 1128 cum
872 1097 999 1128 duobus
1022 1097 1126 1127 liberis
1142 1106 1180 1127 ex
1196 1105 1266 1126 arce
1281 1096 1310 1125 se
1326 1105 1405 1136 prae-

261 1140 385 1178 cipitat,
402 1139 473 1170 ibid.

217 1181 318 1211 Hasta
335 1183 460 1219 Martis,
477 1193 530 1222 24,
552 1193 600 1213 10.

218 1225 275 1253 sub
293 1224 391 1255 Hasta
406 1225 491 1255 bona
505 1226 646 1262 vendita,
663 1231 695 1265 5,
717 1226 764 1255 16.
789 1231 820 1255 et
835 1226 965 1265 captivi,
983 1226 1014 1263 6,
1030 1234 1062 1264 4.
1086 1224 1152 1255 vid.
1169 1231 1197 1254 et
1215 1234 1266 1263 24,
1287 1224 1337 1254 18.

220 1267 329 1297 Hafiae
347 1267 496 1298 immiffio
513 1269 546 1298 in
563 1268 642 1298 fines
657 1277 782 1306 eorum,
801 1269 886 1299 unde
906 1278 953 1299 res
968 1268 1122 1308 repetitae,
1145 1268 1221 1298 ritus
1246 1266 1407 1297 indicendi

262 1310 351 1347 belli,
373 1321 400 1347 ι,
420 1321 471 1349 3²·

220 1351 392 1383 Hastarum
408 1356 542 1383 duarum
558 1353 679 1393 spicula
692 1354 815 1393 ardent,
830 1354 896 1384 vid.
913 1354 1106 1393 Prodigium.

221 1395 329 1426 Hastis
346 1397 443 1427 tribus
459 1398 493 1427 fit
507 1396 636 1436 jugum,
655 1408 688 1436 3,
706 1399 757 1429 28.

219 1447 261 1468 ex
286 1439 404 1478 Hastis,
421 1450 493 1479 quae
517 1440 551 1470 in
574 1447 690 1470 terram
716 1441 866 1471 cadentes
890 1440 1000 1471 infixae
1023 1441 1180 1477 steterant,
1202 1438 1335 1475 vallum,
1354 1446 1406 1477 35,

265 1491 316 1520 30.

219 1524 357 1562 Hastati,
374 1525 486 1564 primae
503 1526 581 1555 aciei
596 1526 728 1563 milites,
744 1527 775 1563 8,
793 1527 823 1556 8.

219 1567 373 1598 Hastatus
389 1568 558 1605 secundus,
576 1570 628 1606 26,
647 1578 677 1608 5.

219 1627 265 1633 —
278 1611 437 1646 decimus,
454 1621 509 1650 42,
527 1620 577 1649 34.

220 1669 264 1676 —-
276 1654 399 1692 primus
417 1654 524 1692 prioris
540 1654 706 1692 centuriae,
723 1653 793 1683 ibid.

220 1696 362 1733 Hebrus,
377 1695 504 1729 fluvius,
524 1698 575 1735 38,
591 1706 645 1745 4.¹·

221 1739 358 1779 Hegeas,
374 1739 537 1778 praefefflus
554 1740 701 1778 equiturn
717 1738 1019 1778 Neapolitanorum,
1037 1748 1091 1777 23,
1113 1748 1139 1768 ι.

220 1782 435 1822 Hegefianax,
452 1782 573 1822 legatus
588 1783 740 1812 Antiochi
758 1783 797 1812 ad
816 1782 992 1819 Romanos,
1009 1791 1061 1820 34,
1081 1789 1131 1821 57.
1149 1782 1200 1821 58.
1217 1788 1244 1811 et
1260 1791 1312 1822 59

220 1824 462 1865 Hegefilochus,
476 1826 622 1856 summus
634 1826 719 1866 apud
732 1825 874 1855 Rhodios
889 1825 1101 1863 magistratus,
1114 1834 1170 1864 42,
1186 1832 1238 1865 45.
1255 1825 1323 1863 ejus
1337 1834 1409 1865 pru-

265 1871 343 1898 dens
360 1868 544 1905 consilium,
561 1869 633 1899 ibid.
821 1883 824 1886 ·

223 1911 360 1942 Helenae
376 1912 543 1941 reddendae
559 1911 701 1942 auetores
716 1911 836 1942 AEneas
849 1916 880 1940 et
896 1912 1053 1949 Antenor,
1074 1921 1103 1946 1,
1125 1921 1152 1941 ῐ.

223 1954 417 1984 Heliodorus
430 1962 620 1993 purpuratus
637 1954 754 1985 insidiis
770 1955 921 1994 opprimit
938 1953 1124 1991 Seleucum,
1141 1963 1196 1993 41,
1215 1963 1265 1993 24.

222 1997 463 2045 Hellespontus,
480 2007 532 2035 31,
552 2006 600 2037 15-
625 2008 678 2036 32,
697 2007 747 2036 ,3
773 2007 826 2037 33,
845 1998 896 2036 38
923 1998 975 2035 38,
997 1999 1045 2027 18.

222 2040 422 2079 Hellesponti
436 2040 554 2076 fauces
569 2048 622 2079 37,
640 2050 670 2079 9.

227 2084 378 2120 Helorus,
396 2083 468 2113 urbs
485 2082 615 2119 Siciliae,
634 2093 687 2123 24,
707 2091 758 2122 35.

224 2126 364 2156 Helvetii
382 2135 454 2165 pop.
474 2126 557 2165 Epit.
576 2127 627 2166 65.
646 2135 718 2164 103.

225 2170 286 2200 Cn.
304 2168 451 2206 Helvius,
468 2170 614 2199 tribunus
630 2169 785 2203 militum,
802 2169 835 2198 in
851 2177 959 2207 pugna
974 2168 1070 2204 cadit,
1088 2176 1141 2205 30,
1160 2167 1209 2198 18.

225 2213 264 2245 C.
280 2212 415 2242 Helvius
441 2221 481 2241 ex
511 2212 660 2242 aedilitate
687 2211 810 2251 plebeia
838 2217 961 2242 creatur
991 2217 1115 2251 praetor,
1148 2220 1201 2249 32,
1233 2217 1262 2248 7.
1289 2210 1412 2243 sortitur

270 2255 423 2291 Galliam,
439 2256 468 2285 8.
487 2262 513 2284 et
531 2256 581 2286 26.

228 2301 264 2331 C.
283 2298 430 2335 Helvius,
445 2298 566 2337 legatus
582 2298 642 2328 Cn.
661 2297 776 2327 Manlii
792 2296 941 2334 consulis,
960 2299 1013 2335 38,
1028 2307 1078 2328 20.
1098 2307 1148 2328 22.
1167 2303 1193 2327 et
1210 2306 1261 2336 23.

229 2344 277 2373 M.
297 2340 444 2378 Helvius,
460 2341 606 2371 tribunus
623 2340 779 2377 rnilitum,
796 2341 881 2371 cadit
894 2341 926 2370 in
943 2340 1067 2380 proelio,
1087 2349 1138 2378 27,
1159 2350 1208 2372 12.

230 2388 278 2419 M.
294 2384 430 2416 Helvius
455 2393 495 2415 ex
519 2384 669 2416 aedilitate
692 2384 815 2425 plebeia
841 2390 954 2425 praetor
978 2391 1111 2423 creatur,
1136 2393 1189 2424 32,
1214 2390 1265 2422 27.
1289 2383 1412 2415 sortitur
