1572 2616
244 128 323 182 156

243 229 283 249 m.
308 229 339 248 N.
362 228 466 249 εΛτο.
506 218 587 248 Prae-

239 269 298 293 tor.
334 262 454 292 Marsos
474 261 587 301 proelio

238 306 326 336 vicit.
374 305 457 344 Epit.
485 305 585 335 lxxiv.

239 347 356 378 Consul
404 357 481 378 cum
523 348 584 377 Cn.

242 391 404 430 Pompeio,
414 400 501 420 anno
513 391 588 430 664.

238 434 453 464 Caffiodorus.
490 434 587 463 Asco-

239 478 312 507 nius
352 478 383 506 in
423 477 586 507 Cornelia-

240 530 329 550 nam.
356 520 468 550 ouum
485 520 524 549 ad
541 519 585 549 la-

239 573 317 593 cum
334 563 495 593 Fucinum
509 572 586 592 con·

239 612 287 637 tra
317 607 435 636 Marsos
460 605 585 637 bellurn

238 656 370 688 gereret,
401 659 420 679 a
451 649 517 679 filio
548 649 586 679 C.

238 692 333 723 Marii
371 692 494 722 occisus
532 692 586 723 est.

238 735 367 766 Orosms
391 735 447 765 lib.
463 745 494 766 v.
513 744 585 775 cap.

240 787 290 816 17.
316 778 379 808 Alii
391 779 430 808 ab
443 778 586 809 hostibus

236 823 381 852 occisum
444 822 585 852 tradunt.

238 865 388 904 Epitome
402 864 499 894 lxxiv.
520 868 586 903 Ap-

237 909 352 947 pianus
372 907 428 936 lib.
446 907 466 937 i.
512 907 587 937 Vel-

237 952 318 981 leius
351 951 382 979 ii.
431 950 586 980 Meminit

239 993 338 1031 hujus
367 992 490 1022 Plinius
527 993 585 1024 lib.

238 1038 282 1067 iii.
301 1045 371 1075 cap.
389 1043 416 1075 5.
455 1036 519 1065 Ubi
537 1042 586 1066 ta-

237 1089 314 1110 men
336 1087 438 1117 quum
458 1079 492 1109 L.
510 1078 586 1109 Car-

237 1123 280 1153 bo
318 1122 469 1151 mendose
511 1122 585 1151 scri-

237 1173 331 1206 ptum
343 1164 426 1196 esset.
438 1165 586 1204 Cuspini.

235 1218 319 1239 anus
334 1215 458 1245 optima
475 1217 584 1245 conje-

235 1251 324 1281 Ctura
361 1250 394 1280 L.
425 1251 583 1281 Catonem

237 1294 386 1334 reposuit.

641 139 982 168 ROMANORUM

636 228 677 249 Μ.
738 219 893 249 Meminit

632 262 752 292 Plinius
776 262 830 293 lib.
848 263 893 293 iii.

631 314 700 345 cap.
719 306 772 345 56.

937 217 997 258 peii
1011 218 1140 249 tertium
1155 218 1358 250 consulatum
1371 218 1433 249 hoc

935 261 1058 291 smum
1074 261 1190 292 scribit.
1226 262 1347 292 Verum
1364 261 1435 291 illo-

937 314 1011 334 rum
1056 304 1201 335 locorum
1248 304 1434 341 collatione,

933 348 1122 387 Appianum
1134 349 1269 387 graviter
1279 347 1432 387 peccafl'e,

933 400 1032 420 nemo
1047 390 1156 430 paullo
1165 391 1331 427 eruditior,
1349 396 1384 420 ut
1400 400 1434 420 o-

935 434 1257 472 pinor‚dubitaverit.
1305 434 1433 470 Praetor,

933 486 1022 506 anno
1039 478 1116 517 699.
1156 476 1303 507 Valerius
1319 476 1374 506 lib.
1390 476 1434 505 iii.

933 529 1007 559 cap.
1025 521 1055 550 6.
1089 520 1246 549 Asconius
1262 529 1318 559 pro
1335 520 1435 548 Scau-

935 572 980 593 ro.
992 562 1153 593 Plutarch.
1167 562 1255 592 Bello
1266 562 1353 592 civili
1364 562 1435 592 Cae-

933 605 1057 636 sariano
1076 606 1181 635 Uticae
1206 606 1235 635 se
1258 605 1432 636 interemit.

935 649 1019 688 Epit.
1043 649 1129 679 cxiv.
1176 648 1300 678 Hirtius
1327 647 1384 678 lib.
1400 657 1434 678 v.

934 692 1104 731 Appianus
1116 691 1173 721 lib.
1185 692 1336 722 secundo,
1358 689 1434 721 Plu-

931 735 1035 764 tarch.
1050 735 1082 763 in
1100 735 1176 765 vita.
1198 734 1263 764 Dio
1278 733 1334 764 lib.
1350 733 1432 764 xliii.

933 776 1086 807 Meminit
1114 778 1226 807 Cicero
1252 778 1284 807 in
1308 777 1430 807 Bruto:

929 821 971 850 de
988 821 1132 857 Finibus,
1149 820 1237 850 alibi.
1281 819 1434 859 Virgilius

931 863 988 893 lib.
999 863 1065 893 viii.
1088 863 1234 893 Valerius
1245 861 1297 892 lib.
1310 863 1342 893 ii.
1357 871 1429 902 cap.

931 906 991 936 ult.
1011 912 1041 936 et
1064 905 1119 937 lib.
1138 907 1178 936 iv.
1202 914 1274 945 cap.
1294 916 1322 936 1.
1345 912 1375 935 et
1400 915 1431 944 3.

933 955 964 978 et
980 949 1036 979 lib.
1050 950 1091 979 vi.
1110 959 1181 989 cap.
1196 958 1226 979 2.
1242 957 1274 979 et
1289 948 1346 979 lib.
1361 949 1429 979 viii.

933 1001 1006 1031 cap.
1026 1000 1055 1029 7.

933 1077 982 1107 M.
998 1075 1181 1106 PORCIUS
1200 1077 1248 1107 M.
1266 1076 1301 1107 F.
1319 1076 1367 1106 M.
1384 1076 1429 1107 N.

932 1129 1038 1150 cmo.
1069 1120 1098 1149 A
1114 1119 1234 1149 Caesare
1251 1120 1317 1159 post
1333 1120 1431 1159 patris

932 1163 1098 1192 interitum
1127 1163 1158 1191 in
1186 1163 1320 1200 gratiam
1345 1172 1429 1192 rece-

931 1212 1017 1245 ptus,
1033 1214 1140 1244 pugna
1155 1204 1349 1244 Philippensi
1367 1205 1428 1234 for-

930 1250 1002 1277 titer
1026 1257 1173 1286 pugnans
1193 1248 1318 1277 cecidit.
1364 1248 1428 1278 Dio

928 1290 985 1320 lib.
1003 1291 1082 1320 xliii.
1120 1292 1288 1330 Appianus
1313 1290 1368 1321 lib.
1385 1292 1428 1321 iv.

931 1334 1091 1364 Plutarch.
1109 1333 1141 1363 in
1158 1334 1265 1364 Bruto.
1289 1333 1428 1364 Velleius

930 1376 985 1406 lib.
1005 1377 1037 1407 ii.
