1572 2616
403 183 780 215 HISTORIARUM
818 183 1021 212 LIBROS.
1226 184 1306 229 213

117 266 219 307 Reges
235 266 353 306 priores
369 265 450 296 bene
467 270 693 304 regnaverunt,
711 273 742 299 2,
763 273 790 294 1.

116 310 218 349 Reges
233 310 263 340 se
284 319 350 339 non
375 308 536 349 pafl'urum
557 308 642 346 jurat
669 307 806 346 populus
831 306 1012 342 Romanus,
1030 315 1061 342 2,
1081 315 1108 337 1.
1132 306 1312 346 conjuratio

159 354 198 383 de
214 353 353 392 Regibus
369 352 568 388 revocandis,
587 360 615 389 3.
642 350 781 389 Regibus
796 357 930 389 negatur
945 349 1077 387 reditus,
1097 356 1146 389 15.

117 396 219 436 Reges
235 397 335 426 socios
351 396 441 425 omni
459 396 579 425 honore
596 401 715 433 augent
728 393 881 430 Romani,
900 401 953 432 37,
971 402 1022 432 25.

116 440 258 479 Regibus
274 440 364 470 sociis
381 447 516 469 munera
532 438 618 474 data,
636 443 692 467 aut
708 436 808 470 mista,
827 445 880 474 27,
897 447 928 476 4.
954 446 1007 475 30,
1024 442 1074 475 15.

116 483 243 523 Regum
260 492 343 519 mos,
361 483 477 512 habere
491 491 655 512 venenum
671 481 711 510 ad
728 482 849 510 incerta
865 480 1011 513 fortunae,
1030 488 1084 518 30,
1099 485 1150 519 15.

117 526 222 556 Rhaeti
241 526 325 556 unde
341 526 497 565 originem
513 526 655 562 trahant,
673 533 705 564 5,
724 533 776 563 33.

118 569 259 606 Rhaetia,
278 569 361 609 Epir.
382 578 453 606 129.

118 613 208 643 Rhea
223 611 322 643 Silvia
337 611 451 651 legitur
465 611 555 650 virgo
571 609 716 646 Vestalis,
738 619 767 647 1,
787 618 815 647 3.
839 609 869 639 vi
887 608 1075 649 compressa,
1093 617 1197 648 quum
1214 609 1318 648 gemi-

160 665 243 685 num
260 662 387 694 partum
403 655 556 690 edidisset,
573 660 739 693 nuncupat
756 653 895 683 Martem
911 659 1036 692 patrem
1057 653 1187 682 incertae
1202 653 1316 693 stirpis,

160 708 193 738 4.
209 699 316 728 vinela
332 699 364 728 in
382 699 560 728 custodiam
576 698 680 733 datur,
699 696 770 725 ibid.

118 741 294 780 Rhegium,
320 741 444 779 civitas,
468 751 522 781 24,
544 751 570 772 1.
596 742 648 778 26,
671 750 720 771 12.
746 748 800 778 29,
819 740 850 770 6.
873 738 1037 778 Rhegium
1064 744 1190 769 tentant
1213 739 1319 777 Poeni,

163 795 216 824 24,
235 795 262 815 1.
288 785 341 822 26,
363 795 411 815 12.

119 827 258 867 Rhegini
283 834 419 858 manent
435 828 466 856 in
485 827 546 857 fide
562 836 634 867 erga
654 826 833 863 Romanos,
851 834 904 864 23,
925 834 976 864 30.
1000 825 1120 855 triremi
1138 834 1206 856 una
1220 834 1319 865 opem

164 871 270 901 ferunt
286 871 456 908 Romanis,
472 880 528 910 42,
543 872 597 911 48.

120 912 268 950 Rhenus,
285 914 417 951 fluvius,
435 915 520 954 Epit.
539 922 608 952 137.
633 914 702 953 138.
724 922 796 953 140.

122 956 355 994 Rhinocolura,
373 958 459 993 urbs,
474 966 529 997 45,
550 966 560 986 1
572 967 600 987 1.

122 1000 242 1037 Rhion,
266 1000 328 1030 five
358 1000 494 1036 Rhium,
518 1001 649 1037 fretum,
672 997 883 1038 Naupaaum
899 998 981 1028 inter
1005 1004 1036 1028 et
1059 998 1178 1035 Patras,
1196 1004 1250 1036 27,
1268 1006 1321 1037 29.

165 1043 273 1074 fauces
289 1053 335 1073 eae
351 1044 423 1073 sunt
440 1043 597 1074 Corinthii
615 1042 714 1079 finus,
732 1043 785 1078 28,
806 1048 834 1078 7.
928 1064 936 1071 .

121 1084 282 1117 Rhisiasus
297 1086 500 1122 Pellenensis,
519 1096 572 1125 32,
591 1095 641 1115 22.
665 1085 733 1123 ejus
758 1091 871 1114 contra
887 1083 993 1114 filium
1015 1084 1246 1124 Demiurgum,
1262 1092 1322 1114 no·

166 1131 254 1160 mine
271 1130 501 1167 Memnonem,
518 1135 695 1166 certamen,
712 1127 785 1159 ibid.

123 1172 260 1210 Rhium,
276 1173 342 1203 vid.
360 1173 479 1202 Rhion.

123 1215 261 1254 Rhium,
277 1217 364 1252 urbs,
382 1224 435 1254 27,
454 1225 505 1254 30.

123 1259 265 1295 Rhizon,
283 1259 369 1297 urbs,
383 1268 439 1300 45,
459 1259 511 1290 26.

123 1302 320 1339 Rhizonitae‚
339 1302 476 1342 populus
494 1301 632 1342 Illyrius,
647 1308 700 1341 45,
719 1301 773 1332 26.

124 1344 252 1381 Rhoda,
271 1355 324 1384 34,
343 1348 373 1375 8.

125 1388 316 1424 Rhodanus,
338 1397 389 1425 21,
407 1397 456 1425 3¹-
482 1395 536 1425 27,
555 1397 606 1428 39.
632 1386 830 1417 Rhodanum
848 1385 963 1424 trajicit
980 1383 1137 1423 Annibal,
1157 1394 1210 1423 21,
1228 1386 1281 1417 26.

126 1431 275 1461 Rhodani
293 1432 380 1467 ostia,
399 1441 452 1467 21,
471 1432 523 1461 26.

126 1474 274 1510 Rhodus,
292 1474 406 1511 insula,
422 1483 475 1512 31,
494 1481 542 1513 15.

127 1517 245 1548 Rhodii
260 1517 355 1556 legati
379 1517 418 1547 ad
441 1516 660 1546 dirimendum
683 1514 806 1545 bellum
832 1515 912 1544 inter
934 1513 1122 1554 Philippum
1138 1520 1169 1544 et
1185 1513 1325 1551 AEtolos,

172 1567 225 1596 27,
243 1570 294 1598 30.
320 1561 372 1598 28,
393 1568 421 1597 7.
446 1561 603 1590 nunciant
628 1559 781 1595 Romam,
799 1558 881 1588 Afiae
900 1559 1044 1587 civitates
1060 1567 1078 1587 a
1095 1557 1243 1597 Philippo
1267 1558 1326 1588 sol·

170 1602 298 1640 licitari‚
317 1613 369 1642 31,
390 1613 418 1633 2.
444 1603 555 1633 navale
578 1602 779 1632 Rhodiorum
803 1609 966 1631 certamen
991 1610 1067 1630 cum
1094 1600 1254 1640 Philippo,
1276 1610 1325 1640 14·

171 1646 212 1676 ab
228 1646 477 1676 Atheniensibus
500 1654 619 1676 corona
636 1654 731 1675 aurea
746 1652 777 1675 et
794 1645 922 1674 civitate
946 1644 1119 1679 donantur,
1140 1651 1187 1683 15.
1211 1653 1325 1674 eorum

171 1690 283 1728 viginti
308 1699 405 1720 naves
426 1689 584 1719 Romanae
607 1687 692 1718 claffi
709 1687 906 1726 sejungunt,
923 1688 977 1725 46.
993 1687 1059 1716 vid.
1078 1693 1106 1715 et
1123 1696 1176 1725 32,
1199 1688 1248 1717 16.
1272 1695 1327 1716 eo-

174 1742 247 1762 rum
270 1732 363 1772 legati
380 1733 420 1762 ad
437 1733 587 1769 Achaeos,
608 1741 657 1772 19.
680 1740 758 1761 cum
775 1731 811 1760 iis
828 1731 1011 1760 societatem
1031 1729 1176 1769 jungunt
1197 1730 1326 1767 Achaei,

174 1785 226 1813 23.

133 1818 249 1848 Rhodii
267 1824 453 1857 recuperant
469 1818 624 1853 Peraeam,
639 1825 694 1855 33,
708 1817 758 1847 18.
775 1817 910 1846 mittunt
923 1815 1042 1854 legatos
1059 1815 1098 1844 ad
1110 1815 1328 1852 Antiochum,

176 1871 228 1892 20.
252 1867 382 1891 tuentur
405 1861 504 1891 socios
529 1858 708 1897 Ptolemaei,
725 1859 798 1889 ibid.
821 1859 987 1898 accipiunt
1007 1859 1242 1888 Stratoniceam
1269 1858 1331 1888 Ca-

175 1905 239 1937 riae,
254 1903 393 1943 aliasque
409 1904 515 1941 urbes,
532 1912 584 1941 30.

220 1948 253 1977 in
271 1947 355 1977 bello
377 1947 524 1977 adversus
539 1945 756 1982 Antiochum,
773 1945 908 1975 mittunt
924 1943 1054 1974 claffem
1071 1943 1194 1974 auxilio
1209 1943 1333 1974 Roma·

176 1990 242 2028 nis,
260 1992 313 2029 36,
326 1998 381 2030 45.
406 1997 458 2029 37,
476 1999 506 2028 9.
530 1988 631 2019 claffis
654 1997 765 2018 eorum
789 1988 983 2027 opprimitur
1007 1997 1025 2016 a
1050 1987 1258 2028 Polyxenida,
1279 1996 1329 2017 10.

177 2040 209 2063 et
229 2043 277 2064 11.
300 2043 414 2064 eorum
438 2033 556 2068 iustus,
574 2041 611 2062 ac
627 2031 742 2061 deinde
758 2032 816 2068 ira,
837 2041 886 2062 12.
909 2031 1046 2060 vincunt
1070 2029 1200 2060 classem
1215 2030 1332 2059 Antio-

178 2077 246 2113 chi,
265 2086 317 2115 23.
334 2083 362 2105 ιι
379 2086 431 2116 24.
447 2076 513 2106 vid.
531 2082 558 2105 et
575 2084 626 2115 30.
651 2075 751 2104 oratio
766 2083 879 2104 eorum
903 2074 935 2103 in
959 2073 1069 2104 senatu
1085 2079 1196 2103 contra
1211 2073 1331 2103 Eume-

178 2129 270 2156 nem,
288 2128 339 2159 54.

223 2163 321 2202 Lycia
336 2169 368 2192 et
382 2162 474 2192 Caria
491 2162 526 2192 iis
544 2161 673 2198 dantur,
689 2162 742 2199 38,
760 2169 812 2198 39.

223 2211 400 2243 quemntur
414 2206 452 2234 de
468 2204 558 2234 clade
575 2203 814 2244 Sinopensium,
832 2212 887 2241 40,
906 2212 936 2233 2.

223 2247 310 2278 bello
325 2254 444 2277 vexant
461 2247 586 2287 Lycios,
601 2255 657 2285 41,
675 2256 725 2285 30.

228 2291 362 2329 superba
377 2300 488 2320 eorum
506 2290 622 2329 legatio
636 2290 675 2319 de
692 2288 928 2319 reconcilianda
945 2296 1022 2317 curn
1040 2286 1147 2316 Perseo
1170 2294 1260 2325 pace,
1277 2295 1334 2326 44,

188 2343 237 2373 ¹4·
261 2334 410 2372 castigata
432 2342 544 2363 eorum
560 2332 689 2369 ferocia,
712 2341 761 2372 ¹5·
786 2331 910 2361 Perseus
931 2340 985 2360 eos
1014 2330 1125 2359 incitat
1141 2329 1180 2358 ad
1196 2328 1334 2365 bellum,

187 2386 238 2415 23.
260 2385 373 2406 eorum
389 2375 484 2416 legati
501 2376 535 2406 in
549 2376 648 2406 castra
661 2375 700 2406 ad
717 2373 891 2405 AEmilium
909 2372 1072 2411 Paullum,
1087 2371 1265 2409 consulem,
1283 2380 1339 2401 ve-

184 2426 294 2458 niunt,
311 2427 362 2459 35.
