1572 2616
389 176 762 207 HISTORIARUM
794 176 1003 206 LIBROS.
1235 175 1288 221 75

143 259 238 290 urbes
255 259 287 289 in
305 258 438 289 Samnio
461 258 560 298 capit,
581 265 630 294 17.
647 256 715 287 vid.
732 264 760 287 et
780 258 829 288 18.
847 267 900 289 20.
924 263 1077 297 quartum
1095 255 1220 294 consul,
1237 267 1290 290 22.

145 303 215 340 ejus
232 302 396 332 contentio
418 310 497 331 cum
514 301 611 331 Fabio
626 301 750 340 collega
765 301 804 330 de
820 300 1005 340 provinciis,
1024 310 1075 339 24.
1098 309 1176 330 curn
1197 309 1235 330 eo
1251 301 1293 331 ad

146 345 269 375 bellum
287 344 507 385 proficiscitur,
527 346 575 376 26.
601 353 658 384 pro
678 344 821 374 exercitu
838 344 987 374 Romano
1007 343 1036 373 se
1051 344 1121 374 Diis
1139 343 1293 374 Manibus

146 389 294 425 devovet,
311 388 362 418 28.
384 397 506 427 equum
524 388 557 417 in
573 387 683 417 Gallos
697 388 879 424 concitam,
892 386 1093 424 interficitur,
1110 397 1163 427 29.

104 430 138 461 P.
154 431 273 462 Decius
293 431 429 468 Subulo,
447 431 594 462 triumvir
609 430 805 461 deducendis
819 429 1004 470 Aquileiam
1017 429 1156 467 colonis,
1168 439 1224 470 43,
1244 439 1293 470 19.

104 474 140 505 P.
155 475 286 508 Decius,
303 474 439 514 legatus,
456 482 511 514 45,
528 483 558 512 3.

108 517 267 548 Decumae
283 518 356 547 duae
372 517 525 548 frumenti
541 516 675 553 exafilae,
694 516 747 556 36,
764 526 794 547 2.
809 515 876 547 vid.
927 522 949 556 '13
957 523 987 553 7,
1005 526 1035 549 2.

104 561 297 591 Decumana
315 567 404 601 porta
414 561 602 598 castrorum,
619 570 650 599 3,
670 566 700 600 5.
728 569 779 596 10,
798 569 851 598 32.

105 605 140 634 in
156 604 311 634 Decurias
326 604 441 635 decem
462 604 618 635 distributi
642 609 777 634 centum
801 603 906 633 Patres
920 603 991 642 post
1005 602 1134 634 obitum
1150 602 1296 641 Romuli,

155 656 184 684 1,
202 657 213 677 1
223 654 250 683 7.

106 689 312 727 Decuriatus,
330 689 391 720 sive
404 690 573 730 descriptio
587 690 736 729 equitum
751 690 786 720 in
800 688 959 727 decurias,
978 697 1031 726 22,
1051 689 1100 728 38.

109 733 250 763 Decurio
266 734 426 773 equitum,
443 743 477 773 4,
495 734 548 772 38.

110 775 267 806 Decurfio
282 778 454 813 exercitus,
474 778 527 813 26,
545 783 596 816 51.
621 785 675 816 29,
692 784 746 806 22.
769 781 822 814 35,
837 782 889 815 35.
911 784 969 814 40,
987 775 1018 805 6.

108 819 278 850 Dedicatio
294 819 406 859 templi
423 818 562 850 consulis
574 819 630 855 est,
648 826 703 849 aut
720 818 932 858 imperatoris,
948 829 982 858 9,
997 827 1052 858 45.

109 863 227 893 Dedita
243 862 318 893 urbs
331 862 424 902 diripi
446 871 514 892 non
530 862 636 899 debet,
649 869 704 900 37,
722 870 774 899 32.
798 861 865 891 vid.
879 862 982 892 Fides.

112 906 221 936 Dediti
238 906 440 945 triumphati,
457 914 494 936 ac
511 905 645 942 venditi,
665 912 692 942 7,
708 912 760 941 27.

110 949 291 979 Deditionis
303 948 452 985 formula,
470 958 499 986 1,
517 956 568 987 37.
587 955 618 985 7,
637 958 688 987 31.
703 947 771 978 vid.
786 954 815 977 et
831 948 884 986 28,
902 956 955 988 34.

110 993 293 1028 Deiotarus,
308 992 528 1030 Gallograeeiae
543 991 681 1031 regulus.
697 990 781 1030 Epit.
801 1000 853 1032 94.

113 1035 278 1072 DeleStus,
298 1045 327 1071 2,
346 1043 398 1075 55.
424 1044 456 1073 3,
475 1036 529 1072 67.
551 1044 586 1074 4,
604 1044 631 1065 1.
650 1043 701 1073 31.

114 1095 153 1101 -
171 1078 358 1117 impeditur,
375 1088 407 1117 4,
425 1078 454 1107 6.
480 1076 512 1115 6,
529 1087 581 1117 32.

110 1138 156 1144 —
172 1130 238 1151 non
255 1131 294 1151 ex
312 1128 379 1150 toto
393 1120 504 1160 paffim
520 1119 641 1160 populo
657 1120 800 1158 habitus,
813 1131 847 1161 4,
864 1122 918 1161 46.

112 1181 157 1188 --
167 1164 337 1201 juniorum
351 1173 369 1193 a
381 1164 521 1194 Camillo
537 1164 678 1201 habitus,
693 1164 737 1194 ita
752 1170 788 1194 ut
799 1165 935 1194 seniores
950 1172 1080 1204 quoque
1092 1163 1126 1194 i‘n
1138 1164 1234 1196 verba
1250 1164 1305 1197 sut

154 1207 278 1246 juratos
293 1209 498 1243 centuriaret,
516 1208 545 1240 6,
565 1215 594 1243 7.

114 1267 158 1274 --
174 1250 239 1280 sine
256 1251 478 1281 vacationibus
490 1250 633 1288 habitus,
653 1257 683 1288 7,
702 1250 754 1284 28.

115 1311 160 1318 —
174 1293 443 1331 voluntariorum,
460 1304 492 1333 9,
512 1304 559 1324 io.

117 1353 161 1360 ——
177 1338 284 1367 omnis
296 1338 419 1377 generis
434 1339 623 1374 hominurn,
639 1345 692 1376 10,
708 1346 762 1369 21.

118 1397 162 1404 —
177 1380 350 1417 servorum,
369 1390 421 1417 22,
437 1388 488 1420 57.
515 1391 570 1419 23,
590 1390 640 1419 14.

118 1441 160 1447 -
176 1423 441 1460 facinorosorum,
456 1431 487 1453 et
498 1422 719 1461 judicatorum
734 1421 894 1462 pecuniae,
912 1431 967 1461 23,
988 1432 1038 1463 14.

118 1483 162 1490 -
177 1466 348 1496 difficulter
364 1466 506 1503 habitus,
524 1474 578 1507 25,
596 1474 627 1506 5.
649 1475 702 1505 42,
718 1475 769 1504 32.
791 1475 848 1504 43,
869 1466 919 1496 16.

117 1511 157 1540 de
168 1509 301 1539 Deleetu
315 1509 486 1539 censorum
499 1509 613 1546 ediaa,
624 1519 680 1550 43,
699 1509 750 1540 16.

119 1554 159 1583 de
175 1552 373 1590 Deleel-ibus,
388 1552 455 1583 vid.
467 1559 554 1592 porro
568 1562 620 1589 22,
640 1562 692 1591 37.
709 1558 736 1581 et
752 1552 805 1590 38.
822 1561 875 1591 24,
896 1561 946 1582 11.
964 1552 1017 1589 26,
1032 1560 1083 1592 35.
1102 1560 1155 1590 27,
1169 1555 1222 1593 38.

122 1596 269 1634 Delium,
294 1596 367 1626 urbs
391 1596 536 1633 Boeotiae,
553 1606 608 1634 31,
624 1604 678 1635 45.
701 1603 732 1625 et
749 1594 909 1635 Apollinis
933 1595 1108 1636 templum,
1132 1597 1311 1628 imminens

166 1639 258 1675 mari,
276 1648 330 1678 35,
349 1647 400 1679 51.
423 1638 491 1677 ejus
511 1638 622 1678 templi
638 1638 759 1678 religio,
777 1638 849 1668 ibid.

121 1681 256 1721 Delphi,
275 1682 449 1712 umbilicus
462 1690 614 1713 terrarum
631 1682 728 1718 orbis,
744 1682 796 1719 38,
809 1682 862 1721 48.
888 1682 1012 1712 medius
1031 1681 1204 1713 umbilicus
1221 1683 1310 1714 Grae-

167 1726 238 1762 ciae‚
256 1735 308 1765 41,
325 1726 375 1755 28.
399 1725 544 1765 Delphos
560 1726 638 1764 petit
654 1724 809 1755 AEmilius
825 1724 967 1761 Paullus,
982 1733 1038 1764 45,
1058 1733 1109 1763 27.

122 1767 267 1807 Delphos
291 1767 372 1798 miffi
394 1769 473 1807 regis
495 1768 663 1807 Tarquinii
679 1767 783 1806 liberi,
801 1768 935 1806 portenti
953 1768 1071 1806 caussa,
1093 1779 1121 1805 1,
1141 1769 1193 1809 56.
1224 1769 1310 1800 idem

168 1811 272 1840 rursus
296 1811 429 1849 falstum,
453 1812 588 1841 durante
603 1811 756 1841 Veiorum
771 1810 946 1848 obsidione,
964 1820 996 1850 5,
1017 1819 1066 1851 15.
1087 1816 1114 1840 ιν
1136 1813 1183 1842 16.
1200 1812 1269 1844 vid.
1284 1819 1312 1842 et

172 1864 224 1890 22,
266 1862 295 1890 7.
321 1863 372 1892 23,
391 1863 439 1884 11.

126 1863 293 1936 -1ega5ti,
309 1898 349 1926 ad
363 1897 487 1926 donum
504 1906 544 1926 ex
561 1896 667 1936 praeda
691 1896 897 1935 portandum,
916 1896 1010 1934 miffi,
1024 1905 1056 1938 5,
1075 1898 1128 1929 28.
1145 1899 1198 1936 28,
1215 1907 1268 1939 45.

126 1939 323 1980 Delphicum
347 1939 530 1977 oraculum,
547 1939 614 1969 vid.
630 1939 821 1969 Oraculum.

125 1983 269 2013 Delubra
283 1983 439 2020 Deorum,
455 1984 487 2019 8,
504 1992 554 2021 33.
568 1982 633 2012 vid.
648 1982 759 2019 AEdes,
772 1989 799 2011 e!
813 1982 1003 2022 Templum.

127 2026 242 2064 Delus,
256 2026 370 2062 insula,
391 2035 442 2064 33,
459 2035 509 2065 30.
526 2027 578 2065 36,
595 2036 647 2064 42.
663 2036 719 2065 44,
736 2026 784 2056 28.
802 2034 857 2065 45,
874 2035 922 2055 10.
946 2026 1051 2056 Delon
1063 2027 1123 2057 aris
1140 2027 1315 2066 insignibus

171 2075 202 2098 et
218 2071 392 2099 statuarum
420 2070 512 2108 copia
536 2075 669 2099 exornat
685 2069 866 2098 Antiochus
884 2069 1081 2108 EpiphaneS,
1097 2080 1152 2109 41,
1171 2079 1221 2110 25.
1245 2071 1316 2108 ejus

171 2112 280 2142 insulae
296 2112 473 2151 templique
491 2112 636 2142 san6titas
652 2111 822 2142 inviolatos
840 2113 962 2152 praestat
978 2122 1104 2150 omncs,
1119 2123 1175 2153 44,
1194 2124 1245 2153 29.

129 2155 315 2192 Demarata,
332 2155 396 2185 filia
413 2155 574 2192 Hieronis,
591 2165 670 2186 uxor
687 2155 923 2193 Andranodori‚
941 2156 1082 2187 stimulat
1098 2157 1252 2186 maritum
1276 2157 1315 2187 ad

177 2198 374 2228 retinendam
393 2199 608 2238 tyrannidem,
628 2208 682 2237 24,
701 2208 751 2228 22.
776 2199 944 2237 occiditur,
961 2207 1011 2239 25.

131 2241 324 2271 Demaratus
339 2242 537 2278 Corinthius,
556 2242 752 2272 Lucumonis
767 2248 867 2281 pater,
887 2251 914 2278 1,
931 2251 979 2281 34-

131 2284 324 2320 Demetrias,
342 2284 415 2313 urbs
430 2285 597 2315 Thessaliae
610 2285 650 2315 ad
667 2293 765 2322 mare,
784 2293 836 2321 27,
855 2294 905 2323 32.
933 2286 986 2321 28,
1006 2292 1037 2324 5.
1056 2292 1083 2321 7.
1099 2293 1126 2314 et
1140 2285 1169 2315 8.
1193 2295 1247 2324 31,
1264 2295 1315 2326 24.

178 2328 230 2365 36,
251 2336 301 2356 20.
325 2337 380 2365 42,
399 2328 449 2364 67.
479 2338 535 2367 44,
558 2338 607 2358 12.
629 2337 676 2366 ¹3·
694 2335 720 2357 et
738 2337 788 2367 24.
814 2337 879 2357 una
901 2337 918 2357 e
942 2328 1152 2366 compedibus
1169 2328 1317 2366 Graeciae,

179 2379 230 2407 32,
247 2377 298 2407 37.
322 2377 496 2409 occupatur
511 2371 551 2401 ab
568 2370 698 2408 AEtolis,
717 2379 770 2411 35,
789 2379 840 2413 34.
863 2371 892 2401 se
915 2371 1001 2401 dedit
1017 2371 1176 2412 Philippo,
1197 2373 1249 2410 36,
1266 2382 1318 2411 33.

178 2412 243 2441 vid.
262 2419 289 2442 et
305 2422 359 2451 40,
381 2423 431 2454 24.

653 2455 678 2487 E
696 2466 713 2487 2
