1538 2592
485 93 722 126 PLEBEIAE
758 92 974 125 GENTES.

117 215 168 249 ’0.
185 217 461 250 CALPURNIUS
485 219 519 249 C.
546 219 580 250 F.
597 219 632 249 C.
649 218 694 250 N.

128 269 220 294 nso.
242 263 370 298 Praetor‚
386 272 472 292 anno
489 263 562 302 567.
587 262 695 292 Livius

125 303 183 336 lib.
200 307 314 336 xxxix.
350 305 469 336 Consul
486 314 564 335 cum
578 306 619 336 A.
636 305 695 336 Po-

127 349 258 386 stumio,
275 358 362 379 anno
378 356 451 389 573.
476 348 514 379 In
530 349 694 388 magistra-

124 396 161 421 tu
179 399 326 423 mortuus
343 392 528 465 est.1Livius
543 391 598 423 lib.
615 391 660 423 xl.

125 475 161 508 L.
182 477 459 510 CALPURNIUS
483 479 520 509 C.
544 478 580 509 F.
597 478 634 509 C.
648 477 695 511 N.

127 529 208 551 riso
228 530 451 552 cAESONINUs.
479 521 598 553 Consul
616 531 694 552 cum

116 563 182 603 -Sp.
197 564 369 602 Postumio,
383 574 470 595 anno
481 566 554 605 605.
578 565 697 596 Caffio-

123 606 232 638 dorus.
253 608 422 648 Appianus
437 610 471 638 in
487 608 629 640 Punicis.

124 691 160 721 L.
186 691 462 724 CALPURNIUS
486 694 521 725 L.
544 694 580 724 F.
597 693 632 724 C.
648 694 694 726 N.

125 743 204 765 riso
229 744 456 768 caesomxus.
479 736 598 767 Consul
616 746 694 767 cum

126 777 176 807 M.
194 777 297 816 Livio,
314 789 400 810 anno
418 781 492 818 641.
532 779 696 810 Caffiodo-

124 829 189 850 rus.
234 821 370 860 Legatus
386 823 422 853 C.
440 822 532 853 Caffii
555 823 694 854 consulis

125 872 144 892 a
165 862 328 902 Tigurinis
351 866 488 897 occisus.
532 865 635 896 Caesar
654 866 695 897 de

123 905 210 936 bello
230 907 357 938 Gallico
372 909 394 939 i.

122 990 160 1021 L.
179 991 456 1024 CALPURNIUS
479 993 514 1024 L.
539 994 574 1024 F.
597 993 632 1023 L.
651 992 695 1024 N.

127 1043 204 1064 nso
225 1044 350 1067 muoz.
372 1036 491 1068 Nullos
503 1037 547 1068 est
558 1037 699 1071 honores

124 1077 274 1117 adeptus.

1246 81 1329 138 189

761 218 797 249 L.
815 216 1092 250 CALPURNIUS
1117 215 1152 247 L.
1176 216 1212 247 F.
1230 215 1266 246 L.
1283 215 1330 248 N.

764 269 841 292 Piso
861 270 987 293 raum.
1029 260 1195 291 Tribunus
1212 259 1331 299 plebis,

761 315 849 335 anno
865 305 940 344 604.
983 305 1103 344 Legem
1125 303 1165 334 de
1182 303 1332 343 pecuniis

761 349 946 387 repetundis
961 349 1084 388 primus
1099 347 1184 378 tulit.
1217 346 1333 376 Cicero

761 391 953 422 Officiorum
967 392 1000 422 ii.
1015 398 1046 422 et
1059 391 1093 421 in
1109 391 1220 422 Bruto.
1243 389 1332 419 Con-

760 434 807 465 sul
831 444 910 465 cum
932 435 966 466 P.
991 434 1118 471 Mucio,
1144 441 1231 463 anno
1256 432 1333 464 620.

761 477 974 510 Caffiodorus.
1019 477 1177 508 Asconius
1197 475 1334 506 Verrina.

762 522 795 552 ii.
812 521 868 552 ubi
884 521 944 552 Cn.
959 520 1059 560 vulgo
1081 519 1235 551 mendose
1252 518 1333 557 legi-

761 570 824 595 tur.
861 564 978 596 Censor
992 574 1071 596 cum
1089 564 1130 595 Q.
1148 563 1337 600 Fabio‚.an·

761 617 805 638 no
823 608 898 649 645.
1036 649 1051 680 Ι

761 694 796 723 L.
813 692 1088 724 CALPURNIUS
1113 691 1147 722 L.
1172 691 1206 721 F.
1230 690 1265 720 L.
1284 689 1334 722 N.

763 746 841 767 mso
862 745 984 767 fnum.
1008 736 1137 773 Praetor,
1151 743 1238 764 anno
1255 735 1334 772 642.

761 779 800 809 In
818 779 974 819 Hispania
989 779 1111 809 occisus
1127 779 1182 808 est.
1215 777 1332 807 Cicero

762 823 801 853 de
818 823 936 863 Signis.
1036 863 1052 894 I

761 907 797 938 L.
814 907 1093 939 CALPURNIUS
1116 906 1150 936 L.
1175 905 1208 935 F.
1234 905 1270 935 L.
1284 903 1332 934 N.

762 959 840 980 PISO
860 960 986 981 vnum.
1032 950 1131 979 Hunc
1147 948 1337 988 praetorium

763 994 876 1041 Cicero
892 992 1118 1026 Accusationis
1138 997 1253 1032 quarto
1272 998 1339 1022 no·

762 1042 881 1068 minat.

619 1205 747 1241 ι-Λη

124 1242 162 1279 1..
185 1246 465 1279 CALPURNIUS
493 1247 529 1278 L.
553 1247 588 1280 F.
612 1247 647 1280 L.

125 1299 162 1322 N.
201 1299 275 1321 tuso
315 1300 438 1323 FRUG1.
483 1292 650 1322 Duumvir

123 1333 257 1373 Capuae.
303 1335 416 1364 Cicero
444 1343 501 1374 pro
527 1335 647 1366 Sextio.

123 1376 244 1407 Consul
261 1386 339 1407 cum
360 1379 400 1407 A.
419 1378 572 1414 Gabinio,
590 1387 649 1407 an-

123 1427 168 1450 no
184 1420 256 1460 695.
281 1420 491 1450 Caffiodorus.
525 1421 648 1450 Plutar-

123 1463 206 1492 chus
219 1464 250 1492 in
265 1462 399 1498 Caesare,
415 1472 446 1493 et
461 1464 646 1494 Suetonius.

120 1503 187 1536 Dio
210 1505 266 1535 lib.
287 1508 422 1536 xxxviii.
482 1507 578 1536 Caesa=
606 1507 646 1536 de

121 1547 209 1578 bello
225 1548 352 1579 Gallico
370 1549 390 1580 i.
416 1549 475 1578 His
493 1559 573 1579 coss.
591 1549 646 1579 Ci-

122 1599 197 1621 cero
212 1592 375 1630 rogatione
388 1592 500 1622 Clodia
518 1593 550 1621 in
565 1593 644 1622 exfi-

120 1632 204 1664 lium
222 1634 329 1672 pulsus
345 1635 399 1664 est.
424 1634 461 1664 ln
480 1636 642 1666 Pisonem:

121 1685 180 1715 pro
207 1676 341 1707 Sextio:
374 1687 430 1717 pro
457 1678 580 1708 domo:
605 1679 644 1708 de

121 1721 297 1758 provinciis
307 1721 539 1752 consularibus.
561 1721 645 1752 Cen-

123 1762 172 1792 sor
195 1771 272 1792 cum
297 1764 359 1801 Ap.
382 1763 532 1800 Claudio,
557 1773 645 1794 anno

125 1812 198 1843 703.
234 1806 297 1835 Dio
321 1806 376 1836 lib.
401 1807 446 1836 xl.
481 1806 583 1836 Caesar
605 1807 645 1837 de

121 1847 208 1878 bello
223 1847 309 1878 civili
327 1850 345 1878 i.
383 1849 523 1880 Velleius
539 1850 596 1880 lib.
612 1851 644 1881 ii.

121 1931 157 1963 1..
180 1932 462 1964 CALPURNIUS
489 1934 523 1965 L.
550 1934 584 1964 F.
608 1934 639 1965 L.

122 1984 157 2004 N.
177 1984 253 2005 Piso
275 1986 399 2007 FRUGI.
426 1977 544 2007 Consul
562 1986 641 2008 cum

123 2017 170 2047 M.
188 2019 302 2055 Druso,
319 2029 406 2050 anno
426 2021 496 2058 738.
523 2020 640 2050 Caffio-

121 2060 228 2091 dorus.
254 2063 315 2092 Dio
328 2063 383 2092 lib.
396 2063 449 2093 liv.
475 2064 641 2094 Praefeetus

120 2103 207 2133 urbis
224 2104 263 2132 ab
280 2106 422 2143 Augusto
436 2107 639 2137 constitutus.

119 2146 254 2176 Tacitus
268 2146 322 2177 lib.
336 2157 366 2177 v.
384 2148 524 2179 Velleius
539 2149 592 2179 lib.
607 2150 639 2180 ii.

120 2230 190 2259 (N.
212 2231 487 2264 CALPURNIUS
512 2235 582 2264 CN.
603 2235 636 2264 F.

119 2282 178 2305 cx.
197 2283 230 2304 N.
249 2284 338 2307 viso.
366 2278 487 2317 Augur.
515 2277 635 2310 Consul

717 1247 754 1278 C.
788 1246 1064 1279 CALPURNIUS
1092 1246 1127 1278 L.
1156 1247 1191 1277 F.
1219 1246 1254 1277 L.
1283 1243 1331 1279 N.

718 1300 795 1321 Piso
817 1300 940 1322 muci.
977 1291 1093 1321 Consul
1112 1300 1188 1320 cum
1207 1290 1266 1320 Μ’.
1285 1292 1333 1319 A-

717 1335 803 1370 cilio,
820 1344 907 1364 anno
924 1335 998 1364 686.
1025 1333 1234 1363 Caffiodorus.
1264 1333 1333 1363 Dio

715 1377 797 1407 libro
814 1387 914 1407 xxxv.
945 1378 1062 1416 Legem
1079 1377 1118 1406 dc
1135 1376 1260 1406 ambitu
1278 1382 1332 1406 tu-

715 1419 763 1450 lit.
788 1420 899 1450 Cicero
913 1430 968 1459 pro
988 1421 1146 1450 Muiaena.
1170 1419 1331 1450 Asconius

715 1463 748 1492 in
767 1463 1005 1493 Cornelianam.
1041 1463 1104 1492 Dio
1120 1463 1202 1492 libro
1217 1462 1330 1493 xxxvi.

716 1505 869 1535 Meminit
888 1506 1030 1536 Valerius
1055 1506 1109 1535 lib.
1128 1506 1172 1536 iii.
1185 1514 1258 1544 cap.
1276 1505 1308 1535 8.

712 1591 784 1621 CN.
802 1592 1079 1622 CALPURNIUS
1096 1592 1222 1621 *Piso
1242 1591 1331 1621 Con-

712 1634 758 1664 sul
790 1644 866 1665 cum
894 1636 940 1666 M.
968 1634 1114 1675 Popillio,
1139 1643 1226 1665 anno
1250 1635 1328 1674 614.

712 1678 924 1709 Cassiodorus.

712 1764 747 1793 C.
766 1764 1043 1795 CALPURNIUS
1068 1763 1194 1793 *PlsQ
1240 1762 1328 1792 Con-

711 1806 757 1836 sul
783 1816 861 1837 cum
887 1809 951 1838 Ser.
981 1807 1108 1844 Fulvio,
1133 1815 1220 1836 anno
1248 1806 1326 1838 618.

712 1849 924 1880 Caffiodorus.

711 1935 745 1964 L.
797 1935 1074 1965 CALPURNIUS
1125 1937 1142 1954 ²*
1160 1934 1326 1965 BESTIA.

709 1977 828 2007 Consul
861 1987 937 2008 cum
972 1977 1005 2008 P.
1037 1977 1198 2013 Cornelio,
1237 1985 1326 2006 anno

709 2021 784 2059 64²·
824 2021 1035 2054 Cafliodorus.
1070 2020 1212 2049 Valerius
1229 2019 1284 2049 lib.
1302 2019 1326 2052 i.

708 2072 779 2102 cap.
798 2071 828 2102 5.
853 2064 1020 2094 sallustius
1037 2063 1069 2092 in
1086 2063 1257 2101 Jugurtha.

708 2149 758 2179 M.
791 2149 1068 2179 CALPURNIUS
1108 2149 1142 2179 L.
1182 2149 1216 2178 F.
1246 2147 1323 2178 ¹’‘N-

710 2201 873 2222 nisscm's.
922 2192 1037 2222 Aidilis
1072 2190 1203 2227 curulis,
1235 2199 1324 2220 anno

706 2236 779 2272 689.
808 2235 910 2264 Caesar
927 2235 964 2265 dc
981 2234 1066 2264 bello
1081 2234 1165 2264 civili
1185 2234 1229 2263 iii.
1255 2234 1322 2262 Dio

704 2277 784 2308 libro
809 2278 931 2309 xxxvii.
977 2276 1106 2316 Pxaetor,
1130 2286 1217 2307 anno
1243 2278 1323 2315 69¹·
