1572 2616
366 212 492 246 κ-Λῆ

123 254 161 287 C.
183 254 407 286 CLAUDIUS

126 309 159 329 c.
200 308 227 329 F.
272 309 324 330 ΛΡ.
371 309 407 330 Ν.

126 351 322 375 ειιΑςειΝυς
350 353 411 373 nz-

127 395 330 423 cinensis.
359 387 410 416 De

124 439 190 468 quo
221 429 303 460 nihil
340 436 404 460 tra-

124 472 207 503 dunt
223 479 353 504 veteres.

125 557 162 588 C.
182 557 403 590 CLAUDIUS

125 609 158 631 c.
183 610 213 631 r.
231 611 262 633 c.
285 612 319 633 N·
345 611 406 633 cn-

126 653 230 675 mNA.
284 645 404 676 Consul

124 697 204 718 cum
229 688 275 718 M.
299 690 406 719 Aimi-

124 730 182 768 lio,
213 740 301 762 anno
327 733 406 772 468.

125 774 338 807 Caffiodorus.

125 817 245 850 Consul
266 828 308 857 ιι,
327 828 406 850 cum

127 861 164 892 C.
188 861 298 898 Fabio,
321 872 409 892 anno

126 905 202 942 480.
248 905 409 935 Caffiodo.

126 947 337 978 rus.ve11eius
348 949 409 988 pri-

129 999 185 1020 mo
201 990 320 1021 Censor
331 1001 410 1022 cum

127 1033 409 1073 Ti.Coruncani0‚

128 1085 216 1107 anno
230 1080 307 1118 484.

281 1598 367 1627 μω,

131 1635 302 1667 APPIUS
347 1637 381 1668 P.

133 1688 304 1709 CLAUDI-

138 1731 185 1751 US
245 1732 303 1753 ΛΡ.

136 1774 164 1794 1².
199 1773 228 1794 C.
270 1775 304 1795 N.

135 1817 307 1837 CRASSI-

137 1859 204 1880 Nus
247 1860 307 1881 m:-

136 1903 307 1924 GILLEN-

135 1989 214 2010 cum
273 1981 307 2013 P.

134 2023 285 2063 Sempro-

135 2075 205 2101 nio,
255 2075 310 2098 an.

128 2109 210 2148 485.
236 2109 311 2139 Cas-

135 2151 288 2182 fnodorus.

120 2192 309 2226 'Velleiusi¹

350 1732 458 1754 cuna.
503 1724 577 1754 Cos.
594 1733 672 1754 cum

351 1767 385 1796 L.
400 1767 512 1804 Junio,
530 1777 583 1797 an.
599 1777 673 1807 504.

350 1809 562 1840 Caffiodorus.
592 1810 673 1840 Rem

351 1852 435 1882 male
449 1853 595 1882 adversus
607 1854 675 1883 Ρω-

351 1905 409 1925 nos
428 1896 527 1934 gessit,
544 1895 675 1934 publico

137 1946 203 1966 nis.
232 1937 306 1968 Cos.
347 1938 472 1976 judicio
501 1939 676 1970 damnatus

351 1982 407 2011 est.
445 1981 596 2022 Polybius
620 1982 675 2014 lib.

353 2025 374 2055 i.
393 2024 504 2054 Cicero
527 2026 566 2055 dc
585 2026 676 2056 Divi-

353 2075 420 2098 nat.

354 2111 499 2141 Deorum
517 2111 548 2141 ii.
583 2112 675 2142 Vale-

354 2154 418 2184 rius
434 2153 490 2184 lib.
508 2155 527 2183 i.
543 2164 575 2193 4.
600 2155 677 2185 Sue-

354 2197 461 2226 tonius
486 2197 517 2226 in
535 2197 675 2228 Tiberio.

352 2239 473 2269 Plinius
518 2239 573 2272 lib.
622 2242 678 2272 vii.

354 2281 438 2311 caeci
454 2282 495 2312 N.
511 2292 676 2325 perperam

355 2325 507 2366 appellat.

461 131 719 162 PATRI-CIAE
756 131 974 161 GENTES.

842 212 969 245 κ-Λη

472 256 540 286 AP.
571 254 791 286 CLAUDIUS
826 254 863 284 C.

477 309 506 330 r.
546 309 603 328 Ap.
641 308 675 328 N.
710 307 865 328 effic-us.

475 342 594 373 Censor
615 351 694 372 cum
718 342 755 372 C.
773 341 866 371 Plau-

474 387 533 421 tio,
547 395 635 415 anno
644 394 719 425 441.
732 385 864 424 Aquam

470 429 613 465 induxit,
637 430 725 458 viam
750 428 864 458 muni-

468 473 530 509 vit,
553 481 628 511 quae
654 472 762 511 Appia
779 470 865 501 dieta

469 517 524 546 est.
543 516 650 546 Livius
668 515 724 545 lib.
743 516 787 545 ix.
811 514 865 545 Ci-

468 568 542 589 cero
559 559 593 589 in
609 559 745 588 Catone.
764 558 864 588 Fron-

470 603 571 633 tinus.
593 601 712 632 Consul
729 611 806 631 cum
824 600 861 632 L.

470 645 663 682 Volumnio,
683 654 770 675 anno
785 645 862 685 446.

470 688 682 719 Caffiodorus.
753 688 863 718 Livius

471 732 544 768 eod.
600 732 760 763 Diodorus
798 741 862 762 xx.

472 774 592 806 Consul
630 785 671 812 11,
711 783 788 805 cum
827 775 863 806 L.

473 818 664 855 Volumnio,
683 827 771 848 anno
786 825 862 858 457.

474 862 686 895 Caffiodorus.
731 861 793 892 Res
832 863 866 892 in

473 905 608 936 Samnio
636 904 780 945 prospere
802 905 868 944 ges-

474 948 522 978 sit.
547 948 654 978 Livius
672 948 728 978 lib.
746 958 779 977 x.
809 949 867 978 Di-

474 991 574 1021 Ctator
583 993 623 1021 rei
635 991 780 1030 gerendae
791 1000 868 1021 cau-

475 1035 520 1071 sa,
555 1044 643 1064 anno
672 1035 748 1073 465.
803 1034 868 1064 Hic

474 1087 552 1107 cum
571 1087 677 1107 caecus
696 1077 783 1112 esset,
800 1077 870 1107 sen-

477 1121 612 1150 tentiam
629 1121 667 1150 de
684 1129 763 1159 pace
785 1129 864 1150 cum

474 1163 594 1204 Pyrrho
611 1170 641 1193 et
657 1163 774 1192 foedere
799 1173 865 1193 non

475 1207 626 1237 faciendo
644 1207 675 1236 in
694 1207 803 1241 senatu
821 1207 870 1236 di-

475 1251 535 1280 xit.
581 1250 693 1279 Cicero
718 1250 750 1278 in
774 1250 870 1280 Cato-

476 1303 529 1329 ne,
545 1293 576 1321 in
595 1293 704 1322 Bruto.
742 1293 868 1323 Tuscu-

475 1335 551 1365 lana
569 1345 603 1364 v.
651 1335 810 1366 Plutarch.
836 1337 869 1365 in

476 1379 607 1418 Pyrrho.
638 1379 797 1418 Ulpianus
812 1379 866 1409 lib.

475 1424 518 1452 vi.
539 1422 578 1451 ad
595 1422 749 1452 edifitum.
771 1422 866 1452 Pom-

476 1465 592 1504 ponius
618 1466 664 1495 tit.
680 1466 719 1495 de
734 1466 866 1505 Origine

471 1508 552 1547 juris
568 1508 625 1538 lib.
641 1508 674 1538 ii.
689 1508 707 1525 ⁸
729 1508 747 1527 l*

670 1553 689 1572 ε
706 1553 726 1572 1*

649 1599 734 1627 „ax-5

1264 120 1318 176 83

930 254 997 284 ΑΡ.
1028 254 1249 286 CLAUDIUS
1283 256 1322 287 C.

934 307 962 328 r.
1003 308 1054 328 Ar.
1088 308 1122 328 x.
1162 308 1321 331 CAtmzx.

931 341 1051 371 Consul
1076 351 1152 372 cum
1178 342 1226 373 M.
1247 342 1324 373 Ful-

929 385 995 422 vio,
1009 394 1096 415 anno
1109 386 1185 426 489.
1204 386 1323 416 Caffio-

930 429 1036 459 dorus.
1081 428 1206 458 Primus
1243 429 1322 459 Car-

930 471 1183 511 thaginiensibus
1196 472 1321 504 bellum

929 515 1051 546 intulit.
1113 515 1219 546 Livius
1262 516 1320 548 lib.

930 559 1022 588 xxxi.
1093 558 1218 589 Gellius
1263 559 1322 591 lib.

927 601 1028 632 xxvii.
1055 610 1128 641 cap.
1150 601 1210 632 ult.
1247 603 1322 633 Per-

928 645 1050 676 mirum
1079 646 1155 675 sane
1181 646 1319 684 videtur,

929 688 1010 718 duos
1027 688 1137 718 fratres
1152 689 1266 719 eodem
1282 700 1322 720 u-

930 731 979 761 sos
1003 731 1065 762 effe
1095 733 1296 772 praenomine
1312 744 1322 764 ι

930 775 994 804 hoc
1011 781 1119 805 tamen
1138 775 1224 805 idem
1241 782 1272 806 et
1287 777 1322 807 in

932 817 1048 855 Fabiis,
1063 818 1238 855 Marcellis,
1252 819 1326 850 Cae-

932 861 1026 897 ciliis,
1042 861 1160 893 Porciis
1177 862 1310 893 animad

932 912 1053 935 vertere
1090 905 1164 935 licet
1182 917 1189 935 τ
1236 907 1325 946 quod

933 955 1016 978 certe
1030 947 1079 978 vel
1096 949 1264 979 aufflorum
1276 950 1325 980 fa-

932 991 1021 1021 &um
1034 992 1147 1030 opinor
1159 992 1327 1031 negligen-

933 1034 990 1070 tia,
1030 1036 1085 1073 qui
1123 1037 1326 1074 praenomina

935 1077 1141 1108 confundunt
1179 1078 1259 1118 saepe
1292 1086 1326 1110 et

933 1121 1138 1160 perturbant:
1157 1122 1206 1151 vel
1223 1123 1325 1154 etiam

932 1164 1019 1202 quod
1032 1165 1159 1198 uterini,
1173 1174 1238 1194 non
1255 1175 1327 1205 ger-

935 1208 1038 1243 mani,
1056 1208 1164 1238 fratres
1188 1208 1259 1240 sint.
1295 1210 1327 1240 1-

935 1252 1009 1287 dcm
1022 1251 1061 1280 de
1071 1251 1330 1290 adoptivisjudi-

935 1294 1100 1324 candum:
1127 1304 1224 1333 quam
1247 1305 1326 1326 con-

931 1335 1091 1374 jeFturam
1117 1339 1270 1375 nostram,
1294 1346 1327 1370 et

933 1380 998 1409 duo
1024 1380 1135 1417 Porcii,
1160 1381 1323 1414 Censorini

935 1423 995 1453 FF.
1019 1430 1049 1452 et
1072 1423 1267 1455 Aimilianus
1295 1432 1328 1457 et

932 1466 1142 1504 Servilianus,

931 1509 1140 1541 confirmant.

1221 1468 1326 1507 Fabii,

1053 1601 1140 1630 „unq

449 1637 672 1668 CLAUDIUS
717 1638 752 1668 C.
768 1637 989 1669 CLAUDIUS
999 1639 1064 1670 ΑΡ.
1108 1640 1165 1670 TI.
1197 1640 1328 1673 CLAU-

473 2075 504 2098 οι
553 2068 677 2099 Natura

720 1854 827 1884 Livius
841 1854 963 1892 primus
975 1855 1065 1884 fabu-

720 1896 785 1926 lam
804 1896 926 1927 docuit.
949 1897 1017 1927 Cic.
1032 1898 1064 1927 in

721 1940 830 1970 Bruto.
843 1940 1028 1970 Tusculana
1044 1941 1065 1971 i.

723 1982 759 2012 ln
778 1982 912 2018 Catone,
931 1984 984 2013 ubi
1006 1984 1067 2014 Ce-

721 2026 818 2064 thego
829 2034 884 2065 pro
894 2026 1064 2056 Centhone

720 2068 817 2106 vulgo
843 2070 992 2098 mendose
1021 2070 1065 2099 lc-

720 2112 815 2149 gitur.
861 2112 949 2142 Idem
974 2113 1066 2141 tradit

722 2156 830 2185 Livius
840 2156 930 2184 xxix.
944 2155 1066 2184 Gellius

720 2198 799 2228 xvii.
844 2198 961 2227 Censor
989 2206 1065 2228 cum

722 2241 772 2272 Μ.
787 2241 898 2276 sunio,
922 2250 974 2270 an.
993 2242 1065 2281 528.

720 2283 862 2314 Difitator
879 2284 992 2313 comit.
1010 2285 1066 2313 ha-

722 2327 819 2357 bcud.
848 2327 955 2364 causa,
980 2335 1065 2357 anno

723 2378 798 2411 540.
815 2369 922 2401 Livius
935 2379 1013 2401 xxv.

349 1690 401 1710 ΑΡ.
427 1690 456 1711 r.
479 1690 511 1712 c.
530 1691 564 1711 Ν.
591 1691 673 1712 run·
720 1691 748 1712 r.
778 1691 810 1711 c.
843 1691 877 1711 n.
904 1691 1064 1713 ces‘ruo.
1111 1692 1195 1714 mus
1221 1695 1273 1715 ΛΡ.
1297 1695 1327 1717 1⁷.

719 1725 792 1754 Cos.
807 1734 885 1754 cum
908 1725 955 1756 M.
974 1727 1064 1756 Sem-

718 1769 845 1806 proni0‚
876 1777 954 1799 ¹«nnn.
986 1778 1062 1807 513.

718 1810 889 1841 Caffiodor.
903 1810 962 1841 His
974 1812 1063 1842 Coss.

1113 1736 1144 1756 c.
1165 1736 1198 1757 N.
1218 1737 1326 1762 seno.

1108 1771 1137 1799 A
1152 1780 1216 1809 quo
1228 1772 1328 1802 Tibe.

1110 1813 1195 1843 rium
1223 1814 1329 1846 Caesa-

1111 1865 1178 1885 rem
1229 1859 1326 1897 origi-

1111 1908 1187 1929 nem
1203 1903 1325 1939 paterni

1110 1944 1234 1980 genens
1264 1950 1328 1974 tra-

1112 1986 1185 2015 here
1218 1987 1328 2018 aufitor

1109 2028 1152 2058 est
1169 2029 1199 2058 in
1225 2029 1328 2060 Nero-

1110 2080 1150 2100 ne
1175 2071 1328 2104 Suetoni-

1111 2122 1159 2143 us.
1179 2114 1327 2147 Quatuor

1110 2156 1193 2186 filios
1229 2159 1328 2198 Appii

1111 2199 1196 2230 Caeci
1236 2210 1329 2234 com..

1111 2251 1272 2274 memorat

1110 2287 1326 2324 quoqucCato

1109 2329 1195 2367 apud
1206 2329 1274 2362 Cic.
1284 2334 1324 2366 de

1109 2372 1235 2405 Sene&
1253 2377 1270 2397 Φ
1289 2378 1310 2398 ῦ
