1572 2616
216 151 296 204 176
557 166 723 196 mnax
757 167 812 197 ιΝ
846 169 892 198 Τ.
918 171 1054 201 Ltvn

211 241 337 280 Parilia,
352 252 407 283 40,
424 253 454 275 2.

209 284 336 322 Parma,
352 287 479 317 colonia
494 287 617 319 civium
634 290 870 329 Romanorum,
889 303 942 333 39,
961 300 1011 325 tt..

207 327 324 360 Parma
339 336 369 359 et
383 330 521 369 gladius,
538 341 627 362 arma
642 333 790 371 velitum,
809 345 862 374 31,
880 346 932 378 35.
960 326 971 334 ⁹
982 327 995 333 ³

208 371 324 402 Parma
340 373 499 412 tripedalis
513 374 661 412 velitum,
680 378 732 415 38,
751 387 802 409 21.

207 413 331 445 Parrnae
345 416 479 447 velitum
495 416 664 456 breviores,
680 430 780 459 quam
796 422 965 460 equestres,
982 423 1035 460 26,
1052 432 1084 462 4.

206 457 332 488 Parmae
348 460 381 489 in
396 459 479 489 coelo
494 460 578 490 visae.
595 461 662 492 vid.
678 463 875 502 Prodigium.

204 501 360 539 Parmati,
374 503 508 541 equites,
522 514 556 542 4,
572 513 625 542 39.

205 545 388 582 Parmenio,
405 546 527 585 legatus
543 546 665 585 Gentii,
681 559 736 588 44,
756 559 807 588 23.

204 587 371 623 Parnasus,
389 598 496 626 mons,
512 599 567 629 42,
589 592 638 620 16.

203 630 348 661 Paroreia
361 632 521 669 Thraciae,
538 642 594 672 39,
609 641 661 671 27.
677 644 732 673 42,
750 644 787 674 51
798 658 806 666 .

204 674 312 712 Paros,
328 674 443 712 insula,
462 685 515 714 31,
534 683 583 715 15.
607 686 661 715 33,
680 688 731 717 30.
755 678 847 716 Parii,
866 687 918 717 31,
934 688 985 717 31.

201 718 451 757 Parstrymonia,
465 728 521 758 42,
540 726 592 759 51.

202 760 406 800 Parthenius,
422 771 531 800 mons,
549 772 602 802 34,
622 763 672 794 26.

202 804 323 841 Parthi,
341 813 373 842 9,
393 805 442 835 18.
467 814 579 836 eorum
603 806 711 844 gloriae
730 812 842 837 contra
863 816 985 838 nomen
1001 806 1189 839 Romanum
1213 808 1322 840 favent
1347 809 1393 840 Ie-

247 846 362 877 viffimi
378 858 418 878 ex
434 848 569 885 Graecis,
586 848 658 879 ibid.

202 889 390 931 Parthicum
405 891 541 929 bellum,
559 892 640 931 Epit.
661 899 732 932 105.
753 899 824 929 127.
844 901 915 930 130.

200 933 357 971 Parthini,
375 934 500 973 populi,
517 946 568 975 29,
590 945 639 967 12.
673 946 728 975 43,
747 945 797 968 21.
813 941 845 965 et
862 945 914 974 23.
937 935 1017 966 olim
1032 935 1088 966 sub
1103 936 1224 967 ditione
1238 936 1392 978 Philippi,

245 976 362 1006 dantur
374 977 533 1015 Pleurato,
551 987 604 1016 33,
622 987 673 1018 34.
689 979 755 1009 vid.
774 985 801 1008 et
815 989 871 1019 44,
889 988 942 1018 30.

199 1019 338 1057 Paffaro,
353 1021 464 1050 civitas
482 1021 579 1061 Epiri,
594 1023 650 1061 46,
670 1023 721 1053 26.
738 1029 770 1052 et
785 1030 838 1060 33.

198 1061 316 1135 Ρᾶῗῗῧ
332 1072 351 1093 a
366 1063 515 1104 Charopo
531 1065 660 1104 Epirota
685 1065 808 1102 missus,
825 1074 944 1105 magno
961 1064 1029 1096 usui
1045 1065 1088 1095 est
1102 1064 1142 1096 T.
1161 1065 1297 1097 Quintio
1314 1075 1393 1097 con-

259 1116 278 1136 u
293 1116 316 1142 1,
333 1115 386 1145 32,
404 1117 452 1138 11.

199 1148 340 1179 Pastores
363 1151 397 1180 in
422 1149 542 1190 Apulia
563 1149 745 1188 conjurant,
761 1151 892 1190 viasque
907 1157 938 1181 et
954 1152 1069 1191 pascua
1090 1152 1264 1182 latrociniis
1282 1151 1392 1181 infesta

243 1192 447 1265 habentk-39,
462 1202 514 1232 29.
538 1193 578 1223 ad
590 1193 709 1233 septem
727 1194 829 1224 millia
843 1194 1038 1225 condemnat
1054 1195 1089 1225 L.
1103 1194 1296 1232 Postumius,
1313 1203 1393 1234 prae-

243 1240 304 1270 tor,
322 1247 331 1263 1
352 1247 363 1264 1
386 1257 395 1266 .

200 1277 365 1308 Pastorum
380 1279 493 1310 habitu
509 1278 640 1315 milites,
657 1290 690 1319 9,
710 1289 738 1309 2.
766 1288 816 1315 10,
832 1288 865 1318 4.

198 1320 324 1358 Patara,
341 1331 397 1360 33,
414 1331 466 1360 4ι.
486 1330 538 1360 37,
558 1328 606 1359 17.
623 1329 720 1361 caput
736 1322 855 1362 Lyciae,
870 1330 924 1361 37,
942 1329 993 1362 15.
1007 1328 1036 1352 et
1049 1329 1104 1363 45.
1120 1321 1186 1352 vid.
1203 1329 1229 1352 er
1247 1322 1300 1360 38,
1317 1330 1371 1361 39.

199 1363 383 1402 Patavium,
404 1375 454 1402 10,
473 1376 501 1396 2.
526 1365 645 1395 Patavii
661 1365 903 1395 monimentum
926 1365 1048 1395 navalis
1071 1375 1189 1406 pugnae
1204 1371 1236 1396 et
1249 1364 1389 1398 vietoriae

242 1407 282 1436 de
297 1407 429 1445 Graecis,
447 1408 594 1438 sollemni
610 1408 778 1438 certamini
790 1414 967 1445 exercetur,
984 1408 1056 1439 ibid.

198 1449 428 1481 Patavinorum
445 1451 566 1488 seditio,
581 1460 638 1490 41,
657 1461 708 1490 32.

198 1493 368 1523 Patavinos
385 1494 507 1533 semper
522 1495 555 1524 in
572 1494 669 1523 armis
691 1493 812 1523 habent
827 1492 928 1532 Galli,
947 1503 998 1532 10,
1017 1503 1048 1526 2.

197 1535 290 1566 Pater
304 1542 444 1575 patratus
460 1539 542 1576 quis,
559 1544 590 1567 et
605 1537 674 1574 ejus
690 1537 849 1574 officium,
870 1546 900 1575 1,
917 1546 969 1577 24.

199 1578 325 1609 Patrem
342 1580 517 1619 sequuntur
531 1579 634 1616 liberi,
650 1589 683 1618 4,
700 1589 732 1618 4.

196 1621 301 1658 Patre,
318 1623 372 1661 qui
386 1622 489 1652 curuli
506 1622 578 1652 sella
593 1622 716 1658 sederit,
734 1621 806 1651 vivo
822 1620 906 1652 filius
928 1630 1033 1660 neque
1048 1620 1209 1657 tribunus,
1225 1629 1331 1659 neque
1345 1629 1389 1650 ae-

242 1664 314 1695 dilis
330 1664 430 1704 plebis
448 1665 517 1702 jure
533 1665 592 1695 effe
608 1666 719 1704 potest,
738 1671 790 1701 27,
808 1674 860 1695 21.
884 1673 937 1703 30,
958 1673 1007 1702 19.

197 1707 303 1738 Patres
317 1708 357 1737 ab
374 1709 496 1738 honore
511 1708 659 1747 appellati
676 1708 844 1745 senatores,
860 1716 887 1744 1,
905 1708 936 1737 8.
953 1715 1010 1736 cur
1025 1706 1191 1745 conscripti
1205 1704 1292 1742 dieti,
1310 1716 1342 1742 2,
1359 1714 1387 1735 1.

283 1750 355 1780 leat
372 1760 390 1781 a
403 1751 544 1781 Romulo
560 1751 664 1790 primo
680 1758 826 1786 centum,
847 1760 875 1786 1,
893 1751 923 1780 8.
947 1749 1030 1780 auEti
1046 1759 1064 1779 a
1079 1749 1255 1788 Tarquinio
1270 1748 1386 1784 Prisco,

238 1794 365 1824 adscitis
391 1800 524 1824 centum
548 1794 653 1829 novis,
673 1804 700 1830 1,
719 1801 770 1833 35.
794 1793 989 1831 Tarquinius
1012 1792 1186 1832 Superbus,
1210 1791 1387 1821 imminuto

240 1846 296 1876 per
311 1837 414 1867 eaedes
429 1844 460 1867 et
475 1837 583 1867 exsilia
603 1837 731 1867 Parrum
757 1845 904 1873 numero,
920 1836 1026 1866 statuit
1046 1834 1152 1865 nullos
1168 1835 1201 1864 in
1217 1835 1322 1864 Patres
1344 1833 1389 1863 le-

240 1889 325 1918 gere,
343 1889 407 1919 quo
430 1881 624 1910 contemtior
640 1880 799 1919 paucitate
815 1879 880 1917 ipsa
895 1879 971 1908 ordo
987 1879 1055 1914 fiat,
1072 1887 1126 1917 49.
1149 1878 1183 1907 L.
1200 1877 1314 1907 Brutus
1329 1876 1389 1906 Pa-

237 1928 326 1953 trum
349 1932 537 1960 numerum,
554 1923 745 1962 prirnoribus
761 1922 908 1961 equestris
922 1922 1037 1960 gradus
1053 1921 1152 1956 let‘tis,
1169 1920 1207 1949 ad
1225 1925 1382 1949 trecento-

239 1975 314 1996 rum
329 1965 491 1995 summam
507 1966 626 2005 explet,
646 1976 675 2002 2,
695 1975 722 1995 1.
747 1966 814 2003 post
831 1965 1033 1994 Cannensem
1050 1972 1206 2002 pugnarn,
1222 1971 1325 2000 quum
1341 1960 1387 1990 se-

239 2015 336 2038 natus
359 2009 399 2038 ad
425 2008 580 2046 insignem
604 2009 800 2047 paucitatem
826 2007 967 2037 redaetus
989 2005 1074 2042 esset,
1102 2011 1235 2035 centum
1261 2005 1386 2043 septua-

239 2052 329 2090 ginta
344 2051 464 2091 septem
480 2061 499 2080 a
515 2052 658 2081 Buteone
674 2051 824 2081 diEtatore
848 2051 882 2080 in
907 2050 1011 2080 Patres
1033 2049 1195 2087 leguntur,
1213 2056 1265 2085 23,
1285 2056 1336 2078 22.
1354 2052 1385 2076 et

238 2104 291 2133 23.

283 2137 317 2166 in
334 2136 438 2166 Patres
464 2135 534 2166 leeti
561 2136 719 2175 principes
743 2135 956 2170 Albanorum,
978 2143 1004 2166 1,
1023 2142 1073 2171 30·
1097 2133 1201 2163 Patres
1217 2132 1384 2161 minorum

237 2180 398 2219 gentium,
417 2186 467 2218 35.
491 2180 568 2209 Atta
589 2179 721 2209 Clausus
745 2179 778 2208 in
801 2178 906 2208 Patres
921 2176 1032 2212 lectus,
1050 2186 1082 2212 2,
1102 2178 1150 2206 16.
1174 2176 1278 2215 prima
1294 2184 1385 2204 men-

238 2223 284 2252 tio
300 2223 385 2262 apud
401 2223 528 2252 Livium
543 2221 656 2261 plebeii
673 2222 834 2257 senatoris,
848 2228 879 2260 5,
898 2229 944 2250 12.
962 2220 1086 2249 senatus
1101 2219 1141 2248 ab
1157 2219 1219 2257 Ap.
1233 2217 1382 2252 Claudio,

237 2264 459 2295 libertinorum
471 2264 545 2295 filiis
557 2264 688 2300 allectis,
705 2264 904 2303 inquinatus,
919 2274 951 2303 9,
964 2264 1016 2301 46.
1040 2261 1111 2291 leeti
1129 2262 1162 2291 in
1176 2261 1278 2291 Patres
1290 2269 1308 2290 a
1322 2260 1386 2289 Bu.

237 2314 332 2338 teone
347 2308 497 2338 dietatore
513 2307 649 2347 insignes
666 2307 757 2338 variis
772 2306 872 2336 titulis
889 2306 958 2342 viri,
977 2314 1030 2344 23,
1048 2314 1099 2343 23.

194 2349 338 2382 Patribus
353 2350 424 2380 loca
438 2351 471 2380 in
488 2352 572 2382 circo
588 2351 698 2388 divisa,
719 2360 747 2387 1,
766 2357 816 2391 35.
840 2350 872 2380 in
893 2348 976 2380 ludis
991 2347 1147 2379 Romanis
1163 2345 1277 2376 secreta
1292 2354 1310 2375 a
1325 2352 1380 2385 po·

237 2392 328 2434 pulo,
345 2403 398 2435 34²
416 2402 470 2434 44·
