1572 2616
476 144 709 184 PLEBr-:r'AE
744 153 960 183 GENTES.
1239 152 1316 195 539

493 345 752 388 ACILIA
795 343 991 389 GENS„

603 548 823 555 ——---—.-

133 634 384 690 ACILIAM
414 657 568 703 gentem
600 665 621 690 a
653 649 1052 703 Trojanisorlundam
1085 650 1325 690 Herodianus.

133 723 261 761 auotor
282 722 360 758 est:
392 719 576 770 abjeetam
604 733 694 759 vero
722 720 830 758 fuisse
858 727 897 758 et
924 720 1120 758 obscuram
1148 721 1208 759 vel
1235 722 1325 759 hinc

133 793 299 836 apparet,
319 785 420 834 quod
448 785 651 835 postremos
677 787 851 822 omniurn
866 797 1014 829 eorum,
1031 785 1324 836 quorumorigi·

135 859 226 888 nem
257 857 399 887 veteres
425 850 471 887 ad
490 850 659 887 AEneam
688 850 871 894 referunt,
891 850 1052 887 honores
1072 850 1211 887 Acilios
1238 850 1329 888 ade-

133 921 219 965 ptos
239 915 322 951 satis
340 913 493 952 constet.
550 915 696 952 Primus
719 916 822 952 enim
841 915 915 951 Μ’.
938 915 1080 952 Acilius
1102 928 1138 952 c.
1161 927 1194 952 F.
1216 915 1329 964 quin-

131 978 341 1030 gentefimo
360 977 666 1028 quinquagesimo
683 978 842 1028 septimo
869 980 949 1028 post
976 980 1112 1016 urbem
1138 980 1329 1019 conditam

134 1053 247 1085 anno,
284 1043 431 1081 curules
467 1043 571 1092 geffit
617 1044 858 1092 magistratus.
915 1043 1030 1080 Unde
1064 1055 1085 1080 a
1120 1044 1225 1081 L1vio
1261 1044 1331 1082 lib.

135 1108 276 1146 xxxvii.
316 1119 434 1143 novus
465 1106 581 1144 homo
614 1107 834 1156 appellatur.
892 1108 945 1144 Hi
979 1107 1203 1144 Glabriones
1239 1108 1330 1146 diffi

134 1176 236 1219 sunt,
267 1173 369 1222 quod
398 1172 514 1222 glabri
547 1179 585 1208 et
617 1171 693 1209 fine
721 1172 804 1222 pilis
831 1171 969 1208 effent:
1001 1172 1099 1208 testis
1127 1173 1180 1209 est
1207 1172 1330 1210 Varro

132 1240 231 1277 libro
251 1237 298 1273 de
315 1237 389 1273 vita
407 1236 537 1285 populi
555 1235 720 1272 Romani
740 1236 874 1284 primo,
895 1236 1045 1273 au6‘wre
1073 1236 1201 1273 Nonio
1221 1237 1335 1274 Mar-

136 1302 246 1342 cello.
294 1300 422 1347 Atque
443 1299 516 1335 huc
536 1299 663 1336 referri
683 1299 795 1336 debet
815 1299 907 1336 illud
927 1299 1042 1335 Plauti
1061 1300 1098 1335 in
1117 1299 1325 1343 Aulularia,

136 1367 199 1404 Tu
219 1365 327 1402 istum
346 1362 504 1413 gallum,
524 1363 551 1400 fi
569 1363 674 1413 sapis,
692 1362 917 1414 glabriorem
946 1363 1084 1408 reddis,
1103 1376 1217 1413 quam
1244 1364 1329 1402 vul·

138 1430 197 1477 sus
220 1428 357 1466 ludius.
