1572 2616
236 173 322 215 270
581 173 745 203 INDEX
782 175 837 202 IN
873 175 919 204 T.
946 175 1082 205 L1V11

235 253 339 291 Virgis
355 251 436 283 eaedi
452 252 560 284 civem
577 254 779 291 Romanum,
797 256 896 285 vetuit
912 254 965 285 lex
982 255 1102 291 Porcia,
1125 265 1174 293 10,
1193 265 1222 293 9.

234 296 338 335 Virgis
353 295 437 332 caefi,
453 304 484 326 et
499 296 597 327 securi
622 297 755 336 percuffi
772 298 804 327 in
826 298 933 328 medio
948 299 1015 328 foro
1041 300 1172 328 trecenti
1188 298 1422 338 quinquaginta

277 338 350 369 οξὶο
366 338 477 369 deleffi
494 340 617 369 nobiles
632 340 889 380 Tarquinienses,
909 349 939 378 7,
957 350 1006 378 19.

231 381 336 420 Virgis
352 381 411 411 sese
426 383 555 412 caedunt
572 389 688 413 mutuo
710 383 841 421 quidam
859 384 1062 413 Lucanorum
1080 384 1112 414 in
1133 383 1288 414 invidiam
1303 384 1425 414 Roma-

277 433 408 460 norum,
425 425 457 462 8,
476 433 530 461 27.

233 466 390 506 Virginia,
407 467 483 497 Auli
500 467 579 503 filia,
597 467 740 506 patricia,
758 474 859 506 nupta
874 468 1063 505 Volumnio,
1079 469 1200 499 consuli
1215 468 1354 508 plebeio,
1373 478 1424 506 10,

275 519 327 548 23.
350 510 477 540 exclusa
500 511 592 540 sacris
616 510 778 540 Pudicitiae
802 511 941 549 patriciae
956 521 975 540 a
997 512 1152 542 matronis
1166 512 1318 551 patriciis,
1335 512 1424 542 dedi*-

274 559 327 582 cat
339 562 427 582 aram
444 553 609 583 Pudicitiae
626 553 771 592 plebeiae,
789 553 861 584 ibid.

230 594 384 634 Virginiae
408 595 519 626 infelix
542 596 657 632 forma,
682 605 766 626 mors
789 595 990 633 miserabilis,
1012 603 1043 626 et
1066 596 1159 634 ultio,
1179 606 1210 635 3,
1228 600 1368 638 44—48.
1392 604 1425 627 et

279 639 330 670 58.

229 671 470 719 A.”Virginius,
497 681 621 720 consul,
647 691 678 718 2,
707 682 759 712 28.
783 686 895 711 contra
918 680 1048 712 Volscos
1068 682 1287 722 proficiscitur,
1307 682 1422 722 eosque

271 724 391 759 fundit,
410 732 463 761 30.

228 767 271 797 A.
286 766 463 805 Virginius,
480 765 603 804 consul,
622 777 654 803 2,
672 775 725 806 51.

227 810 269 840 A.
287 809 465 848 Virginius,
479 809 604 846 consul,
620 820 652 846 2,
669 812 721 847 63.
740 814 852 840 contra
865 810 991 849 AEquos
1007 810 1230 850 proficiscitur,
1247 809 1321 840 ibid.

228 853 270 883 A.
286 852 462 891 Virginius,
479 852 626 882 triumvir
639 861 713 891 agro
729 853 847 889 dando,
867 862 898 891 3,
919 863 949 883 1.

228 897 271 926 A.
288 895 465 934 Virginius,
490 894 636 925 tribunus
662 895 775 934 plebis,
793 895 915 925 Caesoni
934 895 1069 926 Quintio
1086 896 1200 935 capitis
1223 896 1312 926 diem
1331 895 1422 932 dicit,

271 938 358 968 unde
375 947 503 977 magnae
518 938 753 974 contentiones,
769 948 801 976 3,
820 948 831 968 ι
843 948 956 976 1—13.

229 981 269 1012 A.
284 980 459 1019 Virginius,
475 981 643 1019 postquam
666 981 831 1011 tribunatu
855 981 956 1020 plebis
979 981 1111 1018 abierat,
1127 980 1306 1018 accusatur,
1322 986 1354 1011 et
1369 981 1423 1011 de-

274 1023 324 1053 nis
341 1022 483 1053 millibus
499 1023 600 1061 gravis
614 1024 683 1054 aeris
699 1024 946 1059 condemnatur,
965 1031 996 1063 5,
1015 1034 1067 1063 29.

232 1066 269 1097 L.
282 1066 459 1105 Virginius,
475 1065 628 1105 Virginiae
646 1073 744 1106 pater,
763 1077 794 1106 3,
810 1076 864 1106 44.
889 1066 957 1104 ejus
978 1067 1017 1096 de
1034 1066 1098 1097 filia
1113 1075 1191 1096 cum
1206 1066 1269 1106 Ap.
1287 1065 1423 1096 Claudio

270 1110 449 1146 contentio,
463 1116 517 1148 47.
540 1109 643 1139 filiam
667 1111 757 1140 suam
781 1110 909 1143 occidit,
925 1111 980 1149 48.
1003 1117 1070 1139 orta
1094 1110 1167 1139 inde
1189 1110 1366 1139 certamina
1387 1110 1421 1138 in

271 1152 362 1189 urbe,
378 1162 432 1192 49.
456 1158 487 1181 et
500 1159 610 1182 motus
632 1153 665 1182 in
681 1152 801 1190 castris,
818 1159 871 1192 50.
899 1151 1070 1183 confilium
1086 1152 1126 1181 ab
1143 1161 1180 1181 eo
1197 1151 1352 1181 militibus
1366 1152 1423 1181 da-

271 1201 357 1231 tum,
374 1195 413 1224 de
431 1195 573 1224 creandis
597 1195 710 1224 decem
733 1195 868 1224 tribunis
892 1195 1047 1232 militurn,
1064 1203 1204 1233 quorum
1228 1194 1261 1223 in
1283 1203 1420 1224 numero

269 1237 331 1267 effe
353 1238 487 1274 recusat,
505 1245 557 1276 51.
580 1243 703 1267 creatur
725 1237 871 1267 tribunus
895 1236 1008 1276 plebis,
1027 1247 1077 1277 54.
1100 1236 1207 1275 Appio
1227 1236 1313 1266 diem
1329 1236 1420 1273 dicit,

271 1281 325 1320 56.
349 1287 380 1310 et
407 1289 483 1310 eum
507 1281 540 1309 in
565 1289 725 1310 carcerem
741 1280 814 1310 duci
833 1279 937 1317 iubet,
956 1288 1008 1319 57.
1031 1279 1166 1310 remittit
1180 1278 1333 1310 ultimam
1350 1288 1419 1318 poe-

272 1332 352 1353 nam
368 1323 417 1354 M.
435 1323 584 1360 Claudio,
603 1323 739 1353 assertori
755 1323 920 1362 Virginiae,
939 1323 991 1361 58.

227 1365 266 1396 L.
283 1366 455 1405 Virginius,
472 1366 596 1402 consul,
611 1376 645 1405 4,
663 1375 714 1397 21.
738 1366 866 1402 iterum,
885 1375 935 1403 23.

230 1409 267 1440 L.
282 1409 455 1448 Virginius,
479 1409 627 1439 tribunus
648 1408 792 1439 militum
819 1407 976 1438 consulari
1000 1409 1166 1448 potestate,
1189 1415 1222 1447 5,
1239 1408 1270 1438 8.
1304 1406 1424 1438 invisus

271 1452 463 1491 infestusque
479 1451 610 1490 collegae
628 1452 748 1490 Sergio,
765 1452 793 1481 ei
810 1461 877 1481 non
892 1452 951 1480 fert
966 1451 1139 1488 auxilium,
1150 1450 1222 1481 ibid.
1245 1457 1320 1480 ante
1333 1450 1420 1480 diem

269 1496 336 1536 ipse
357 1502 387 1525 et
403 1495 526 1534 collega
541 1495 687 1525 abdicare
703 1501 875 1533 coguntur,
895 1505 924 1534 9.
939 1494 1104 1524 accusatur
1119 1503 1138 1523 a
1153 1494 1288 1524 tribunis
1303 1492 1420 1533 plebis,

274 1548 325 1569 11.
338 1539 451 1568 decern
469 1537 612 1568 millibus
627 1539 696 1567 aeris
712 1538 813 1576 gravis
830 1537 1076 1574 condemnatur,
1095 1547 1143 1567 12.

226 1581 264 1612 L.
279 1582 453 1621 Virginius,
471 1581 618 1610 tribunus
634 1580 777 1610 militurn
793 1579 950 1610 consulari
966 1581 1129 1621 potestate,
1145 1581 1176 1617 6,
1196 1589 1223 1609 1.

227 1625 266 1654 L.
282 1625 460 1664 Virginius,
477 1624 623 1654 tribunus
637 1623 793 1659 militum,
813 1631 866 1659 27,
884 1632 936 1662 43.

225 1667 339 1706 Opiter
353 1667 528 1704 Virginius,
545 1666 669 1701 consul,
687 1675 765 1697 cum
787 1666 911 1702 collega
925 1665 1104 1695 Pometiam
1118 1664 1225 1705 primo
1240 1664 1286 1701 vi,
1303 1663 1419 1694 deinde

270 1709 418 1749 operibus
434 1715 611 1748 oppugnat,
631 1718 662 1744 2,
683 1715 731 1744 17.
756 1707 946 1746 triumphat,
962 1705 1034 1735 ibid.

226 1751 340 1792 Opiter
355 1752 529 1791 Virginius,
545 1751 668 1788 consul,
688 1761 718 1787 2,
736 1759 787 1790 54.

225 1795 318 1826 Proc.
335 1794 511 1833 Virginius,
529 1794 653 1830 consul,
674 1803 704 1830 2,
724 1802 778 1832 4¹·
802 1792 869 1830 ejus
892 1801 971 1823 cum
996 1790 1119 1831 collega
1141 1791 1179 1821 de
1201 1789 1270 1831 lege
1297 1790 1418 1830 agraria

271 1839 508 1874 contentiones,
527 1837 599 1866 ibid.

226 1879 279 1919 Sp.
296 1881 471 1919 Virginius,
488 1879 613 1917 consul,
628 1889 659 1917 3,
677 1888 729 1917 31.

223 1923 266 1952 T.
282 1923 457 1961 Virginius,
474 1922 598 1958 consul,
616 1932 648 1959 2,
667 1931 717 1952 21.

225 1965 268 1995 T.
282 1965 456 2004 Virginius,
474 1964 598 2000 consul,
617 1975 648 2001 2,
665 1965 718 2003 48.

223 2007 266 2038 T.
280 2007 441 2046 Virginius
459 2007 598 2041 Rutilus,
615 2016 727 2044 augur,
746 2006 892 2045 moritur,
912 2015 943 2044 3,
960 2013 989 2043 7.

223 2050 266 2080 T.
281 2050 443 2088 Virginius
459 2049 732 2086 Coelimontanuz
750 2049 873 2086 consul,
891 2059 923 2087 3,
942 2049 994 2088 65.

223 2092 369 2132 Virgines
393 2100 439 2122 ter
465 2101 613 2129 noiena’,
630 2101 683 2130 per
698 2092 810 2121 urbem
835 2099 959 2128 euntes,
974 2099 1105 2121 carmen
1127 2095 1250 2120 canunt
1266 2089 1299 2119 in
1314 2089 1414 2120 Juno-

269 2136 534 2174 ne1⁴nsscgir1am,
550 2142 603 2170 ,27,
623 2142 672 2171 37.
697 2144 750 2172 31,
772 2144 819 2164 12.

223 2177 370 2216 Virgines
386 2179 512 2213 decem,
530 2183 560 2206 ct
577 2178 686 2206 decern
713 2177 841 2214 ingenui
867 2176 967 2214 pueri,
985 2175 1112 2214 patrimi
1128 2183 1242 2206 omnes
1257 2175 1415 2205 matrimi—

268 2229 344 2258 que,
359 2220 398 2249 ad
413 2220 602 2249 sacrificium
619 2219 766 2254 adhibiti,
785 2227 836 2255 37.
855 2228 884 2256 3.

225 2261 268 2291 ob
285 2262 450 2301 Virginem
465 2263 641 2292 excitatum
659 2261 770 2291 Ardeae
784 2261 920 2296 bellum,
933 2270 966 2299 4,
984 2272 1014 2299 9.

224 2303 391 2343 Virginem
407 2305 569 2343 captivam
586 2305 767 2343 parentibus
784 2304 883 2333 reddit
898 2303 1019 2341 Scipio,
1037 2303 1087 2336 26,
1106 2310 1158 2341 50.

226 2345 393 2385 Virginem
417 2346 661 2378 Chalcidensem
684 2347 718 2376 in
741 2346 847 2377 medio
869 2346 978 2376 ardore
1000 2344 1076 2376 belli
1092 2345 1181 2375 ducit
1198 2353 1332 2375 uxorem
1347 2345 1415 2374 An-

271 2389 411 2427 tiochus,
427 2391 480 2429 36,
502 2399 548 2420 11.
