1572 2616
220 149 302 207 158
569 164 734 195 1NDEx
770 165 826 195 IN
860 166 906 195 T.
930 166 1064 198 L1v11

259 253 337 275 cum
353 244 495 275 exercitu
512 245 544 274 in
562 244 729 284 Liguribus
753 254 956 286 prorogatum
983 248 1170 287 imperium,
1189 258 1240 280 20.
1265 258 1341 282 cum
1359 251 1412 282 Li-

258 289 388 326 guribus
405 288 547 327 prospere
564 296 698 327 pugnat,
719 299 770 321 21.
795 291 862 328 ejus
887 292 984 320 castra
1008 291 1137 330 aggreffi
1154 292 1284 331 Ligures
1307 295 1407 333 repel-

257 330 381 368 luntur,
400 333 452 370 36,
470 333 521 370 38.
545 333 572 361 ei
596 339 730 370 negatur
754 335 951 373 triumphus,
973 342 1025 372 37,
1048 338 1101 374 46.
1125 334 1248 374 legatus
1272 338 1411 368 mittitur

258 375 292 404 in
317 375 429 405 decem
456 375 495 404 ad
521 385 568 405 res
592 375 673 405 Afiae
698 378 947 415 constituendas,
965 385 1017 418 55.
1042 379 1231 409 interficitur
1247 380 1279 410 in
1296 380 1410 420 proelio

257 418 402 448 adversus
418 419 573 454 Thracas,
591 419 644 456 38,
662 429 715 458 41.

211 460 264 490 Ti.
284 461 463 497 Minucius,
479 461 603 498 consul,
618 464 718 492 vincit
733 463 908 500 Samnites,
925 473 958 502 9,
970 473 1023 503 44.

209 503 261 534 Ti.
282 505 448 534 Minucius
476 505 676 541 Mol¹iculus,
706 512 829 536 creatus
856 514 982 546 praetor,
1011 508 1136 538 sortitur
1154 507 1413 547 jurisdietionem,

257 558 468 587 peregrinam,
484 558 539 587 40,
559 555 609 588 35.
636 550 782 586 moritur,
797 556 849 588 37.

209 590 250 621 T.
267 591 431 621 Minucius
448 591 561 627 Rufus,
579 601 632 630 42.
651 600 703 631 54.
728 624 733 630 .

210 634 368 664 Miracula
385 635 446 663 fere
460 634 573 664 adfiffla
591 635 667 665 locis
684 634 873 674 insignibus,
893 645 945 676 24,
965 645 994 674 3.

210 677 407 707 Miraculurn
432 680 462 707 in
488 678 540 707 Ti.
560 677 681 715 Atinio,
699 686 827 718 repente
850 679 1005 709 membris
1026 679 1179 711 omnibus
1201 687 1308 720 capto,
1325 690 1405 712 mox

252 721 328 750 sano
345 730 381 750 ac
399 727 521 759 vegeto,
538 731 568 757 2,
587 722 636 759 36.

208 762 356 794 Miranda
373 770 404 794 et
419 764 594 804 prodigiosa
618 773 683 803 quo
708 765 811 804 magis
826 765 1010 802 creduntur,
1027 775 1065 796 eo
1081 765 1172 805 plura
1197 767 1404 797 annuncian-

250 814 314 844 tur,
334 818 386 845 24,
412 818 456 838 50.

208 850 396 889 Misagenes,
415 850 583 880 Maflniffae
602 851 699 887 filius,
713 850 835 880 auxilio
851 851 937 881 venit
954 851 1124 889 Romanis,
1140 862 1195 892 42,
1214 863 1264 893 29.
1281 853 1332 883 62.
1350 854 1403 892 65.

251 902 281 923 et
300 897 351 931 67.
376 893 442 931 ejus
470 894 571 923 claffis
596 894 780 933 dispergitur
805 895 837 923 in
862 895 1024 924 Adriatico
1047 895 1140 932 mari,
1167 896 1294 934 ipseque
1319 905 1402 935 aeger

249 937 453 967 Brundifium
469 938 616 973 defertur,
629 946 685 977 45,
708 947 755 977 14.
779 938 807 967 ei
823 947 840 967 a
856 937 1011 968 Romanis
1029 948 1163 968 munera
1179 939 1265 976 data,
1283 937 1357 970 ibid.

206 979 320 1010 Miseni
339 982 608 1020 promontorium,
629 991 682 1020 24,
703 989 753 1018 13.

205 1024 335 1054 Miffilia
350 1024 424 1059 tela,
443 1035 474 1064 9,
495 1032 545 1063 35.
571 1025 622 1061 38,
645 1033 694 1063 19.
712 1030 742 1053 et
759 1033 810 1054 2ο-

204 1067 421 1103 Mithridates,
438 1067 521 1096 filius
535 1067 703 1103 Antiochi,
722 1076 775 1105 33,
797 1075 846 1104 19.

204 1110 419 1142 Mithridates.
457 1111 545 1140 Ponti
572 1120 639 1146 rex,
666 1109 775 1139 Aliam
802 1115 954 1149 occupat,
981 1110 1066 1150 Epit.
1089 1111 1139 1148 78.
1164 1110 1203 1140 ad
1223 1110 1397 1149 Tigranem

246 1155 404 1192 confugit,
424 1154 505 1192 Epir.
523 1160 574 1193 97.
598 1163 616 1183 a
633 1153 699 1183 filio
715 1154 878 1183 Pharnace
890 1153 922 1183 in
937 1154 1022 1193 regia
1034 1153 1205 1191 obsidetur,
1225 1154 1308 1193 Epit.
1325 1163 1397 1186 102.

246 1198 446 1233 interficitur,
465 1196 537 1226 ibid.

201 1240 370 1280 Mitylene,
389 1247 442 1278 37,
461 1249 512 1270 21.

200 1283 565 1323 Mitylenaeaetriremes‚
584 1289 636 1321 37,
657 1292 706 1313 12.

199 1326 313 1366 Mitys,
328 1327 446 1362 amnis,
462 1336 516 1366 44,
537 1333 564 1362 7.

200 1369 432 1406 Mnesilochus,
450 1370 598 1408 princeps
615 1370 839 1405 Acarnanum,
858 1374 987 1407 gentem
1004 1367 1094 1398 suam
1110 1367 1262 1399 conciliat
1276 1370 1392 1400 Antio-

244 1414 320 1451 cho,
338 1414 389 1452 36,
410 1423 421 1443 1
433 1423 458 1443 1.
476 1419 507 1442 et
524 1422 573 1444 12.
597 1422 673 1442 eum
690 1412 746 1442 slbi
762 1412 833 1441 dedi
850 1411 1009 1452 postulant
1025 1411 1178 1450 Romani,
1197 1419 1249 1450 37,
1265 1419 1319 1453 45.
1337 1414 1392 1453 38,

199 1466 376 1538 Mgagetes,
404 1506 559 1539 tyrannus
587 1498 724 1539 Cibyrae,
747 1498 871 1536 cogitur
899 1504 1032 1528 centum
1062 1495 1194 1534 talenta,
1219 1504 1251 1529 et
1277 1499 1390 1530 decem

242 1543 343 1572 millia
360 1542 567 1572 medimnum
582 1542 734 1572 frumenti
752 1542 887 1580 pendere
905 1540 1073 1577 Romanis,
1093 1541 1146 1578 38,
1167 1550 1217 1580 14.

197 1586 429 1625 Moenicaptus,
447 1586 618 1615 Gallorum
635 1584 775 1624 regulus,
791 1585 875 1614 cadit
891 1585 925 1614 in
939 1583 1063 1623 proelio,
1080 1593 1134 1623 24,
1149 1593 1206 1622 42.

196 1629 301 1663 Moesi,
321 1639 393 1668 pop.
412 1629 495 1668 Epir.
517 1638 585 1668 134.

195 1672 350 1709 Moloffis,
371 1672 452 1710 Epiri
473 1672 568 1710 regio,
586 1673 616 1705 8,
635 1680 685 1710 24.
710 1676 765 1710 45,
781 1672 829 1701 26.

194 1716 337 1746 Moneris
354 1716 457 1752 navis,
476 1716 528 1753 38,
545 1715 596 1753 38.

193 1759 336 1789 Monetae
352 1759 435 1788 aedes
451 1764 546 1798 atque
562 1757 702 1791 officina,
718 1766 752 1796 4,
771 1764 800 1794 7.
817 1762 846 1787 et
865 1765 915 1787 2ο.
935 1755 966 1793 6,
986 1765 1038 1787 20.
1063 1764 1117 1794 33,
1135 1755 1187 1786 26.
1204 1754 1272 1784 vid.
1286 1755 1384 1787 Juno.

193 1802 450 1837 Monomachiae‚
470 1809 501 1838 7,
523 1811 569 1831 10.
589 1808 618 1830 et
638 1804 689 1832 26.
715 1802 746 1837 8,
765 1808 793 1837 7.
810 1806 840 1830 et
857 1801 886 1830 8.
913 1809 964 1838 23,
980 1800 1032 1839 46.
1050 1805 1081 1828 et
1097 1806 1149 1837 47.
1174 1806 1229 1838 25,
1249 1799 1298 1829 18.

190 1845 391 1883 Monopodia
408 1845 539 1885 quando
555 1845 711 1884 primurn,
728 1850 758 1873 et
775 1853 792 1873 a
808 1843 939 1882 quibus,
957 1842 1097 1872 Romam
1122 1841 1264 1879 admista,
1284 1851 1336 1882 39,
1353 1843 1383 1873 6.

191 1889 290 1920 Mons
307 1890 413 1921 Sacer,
428 1899 460 1925 2,
478 1897 528 1926 32.
553 1887 676 1917 seeeffio
690 1887 790 1926 plebis
806 1887 837 1916 in
854 1887 988 1916 Sacrum
1001 1891 1162 1922 montem,
1178 1884 1248 1914 ibid.
1265 1884 1384 1915 tribuni

234 1932 335 1971 plebis
352 1932 384 1960 in
401 1932 498 1960 Sacro
516 1938 626 1960 monte
643 1931 750 1965 creati,
770 1939 821 1968 33.
848 1930 890 1960 ibi
908 1929 1027 1960 sacrata
1041 1928 1094 1959 lex
1108 1928 1185 1965 lata,
1202 1927 1274 1958 ibid.

190 1974 441 2014 Mopsiani,five
457 1973 656 2012 Mopsiorum
672 1973 779 2009 factio,
800 1982 851 2011 23,
873 1983 899 2004 1.

190 2018 368 2058 Mopfium‚
385 2017 543 2053 tumulus,
559 2026 615 2055 42,
632 2019 684 2047 61.
698 2023 730 2045 et
747 2017 799 2052 67.

188 2062 334 2097 Morcus,
350 2060 471 2098 legatus
488 2060 596 2089 Gentii
614 2060 652 2088 ad
670 2059 824 2094 Rhodios,
838 2067 893 2097 44,
913 2066 964 2095 23.

188 2104 397 2143 Morgantina
414 2104 500 2138 urbs,
517 2102 580 2132 vid.
602 2102 797 2140 Murgantia.

186 2148 391 2177 Mortuerum
409 2145 607 2176 laudationes
623 2145 736 2174 vitiant
752 2152 856 2173 rerum
873 2142 1028 2177 historias,
1045 2142 1078 2177 8,
1093 2150 1147 2180 40.

185 2191 307 2220 Mortui
326 2199 403 2220 cum
420 2188 594 2227 insignibus
612 2189 773 2218 honorum
788 2192 984 2222 cremantur,
1004 2194 1056 2224 34,
1076 2191 1105 2221 7.

187 2233 328 2268 Morzrs,
347 2232 590 2271 Paphlagonum
607 2241 673 2267 rex,
693 2231 746 2269 38,
765 2230 816 2260 26.

184 2276 298 2306 Mucia
313 2282 412 2314 prata,
430 2275 471 2304 sic
494 2274 596 2305 diffius
618 2283 704 2313 ager,
730 2272 842 2303 Mucio
863 2271 987 2302 virtutis
1011 2269 1116 2301 cauffa
1132 2275 1217 2301 trans
1231 2270 1375 2302 Tiberim

227 2319 333 2355 datm,
353 2328 382 2353 2,
402 2328 452 2356 ¹3-

182 2365 221 2396 C.
238 2362 383 2396 Mucius,
399 2360 581 2391 adolescens
601 2359 730 2397 nobilis,
748 2363 891 2398 penetrat
914 2358 946 2387 in
974 2359 1073 2388 castra
1097 2356 1251 2394 hostium,
1270 2366 1302 2393 2,
1324 2365 1375 2387 12.

225 2403 361 2438 scribam
377 2413 434 2447 pro
448 2413 520 2445 rege
535 2403 719 2446 obtruncat,
737 2402 808 2438 ibid.
835 2401 964 2434 incenso
986 2401 1059 2434 foco
1084 2400 1229 2432 dextram
1254 2399 1370 2439 injicit,
