1572 2616
487 104 745 133 PATRICIAE
783 102 1003 133 GENTES.

1259 100 1337 144 119

355 184 426 215 CN.
452 184 673 215 OCTAVIUS
701 184 771 216 CN.
800 185 835 214 F.
866 183 936 214 *N.
964 182 1119 213 RUFUS.

355 228 502 258 Quaestor
515 228 584 258 fuit.
608 228 782 259 Suetonius
799 228 832 257 in
849 227 1038 257 Ofilaviano.

760 313 885 344 roz-s

138 353 209 385 CN.
237 354 456 386 OCTAVIUS
488 355 557 386 CN.
586 356 621 386 F.
649 356 719 387 CN.
748 356 791 386 N.

138 398 267 435 Praetor,
285 408 372 428 anno
389 399 462 438 582.
485 399 535 428 De
551 409 620 438 rege
636 399 722 429 Perse
736 409 793 429 na-

136 440 243 471 valem
267 443 472 481 triumphum
494 443 568 480 egit.
614 442 720 473 Livius
736 442 792 472 lib.

137 484 204 514 xlv.
251 485 391 515 Velleius
418 484 498 514 libro
522 487 543 516 i.
587 486 708 516 Plinius
737 485 791 516 lib.

136 528 250 558 xxxiv.
277 537 306 566 3.
353 527 470 558 Consul
494 538 572 558 cum
595 529 634 559 T.
653 529 791 565 Manlio,

136 579 223 600 anno
240 572 314 611 588.
360 570 568 601 Caffiodorus.
619 573 752 610 Legatus
775 582 793 601 a

133 613 243 643 senatu
268 615 299 643 in
325 614 449 653 Syriam
480 615 601 650 missus,
628 616 792 645 Laodiceae

136 656 168 686 in
201 657 366 697 gymnasio
394 667 412 687 a
439 658 571 696 Leptine
597 659 640 688 est
667 659 793 689 interfe-

135 699 217 735 etus,
236 701 399 739 Scipione,
424 700 548 730 Marcio
564 710 645 731 coss.
681 701 794 731 Cicero

136 742 216 772 libro
233 744 272 773 de
287 743 420 774 Finibus
436 745 541 782 primo
557 756 563 774 :
590 743 728 784 Philipp.
747 744 791 775 ix.

135 787 304 826 Appianus
320 788 353 817 in
367 787 515 827 Syriacis.
540 787 724 818 Suetonius.

136 871 206 901 CN.
235 871 454 902 OCTAVIUS
483 872 553 902 CN.
585 873 618 903 F.
649 872 719 904 CN.
746 872 788 903 N.

137 914 254 944 Consul
284 924 360 944 cum
388 915 428 945 T.
455 916 578 953 Annio,
606 925 692 946 anno
717 918 790 956 625.

137 957 347 988 Caffiodorus.
460 1000 475 1030 I

136 1043 206 1074 CN.
234 1043 453 1074 OCTAVIUS
484 1043 553 1074 CN.
584 1044 618 1074 F.
650 1043 719 1074 CN.
748 1043 790 1073 N.

136 1086 252 1116 Consul
277 1095 353 1116 cum
378 1086 412 1116 L.
430 1086 591 1123 Cornelio,
615 1096 700 1116 anno
718 1087 796 1116 666.

137 1129 346 1159 Cassiodorus.
385 1130 422 1159 In
441 1130 624 1168 magistratu
641 1138 659 1159 a
677 1130 793 1159 Maria-

136 1173 184 1202 nis
201 1173 323 1202 occisus
339 1173 392 1203 est.
422 1173 590 1212 Appianus
607 1173 721 1211 primo.
753 1172 793 1202 E·

136 1216 259 1254 pitoma
276 1215 370 1245 lxxx.
416 1215 527 1245 Cicero
551 1215 736 1245 Tusculana
760 1225 790 1246 v.

138 1258 202 1288 Ubi
219 1259 255 1288 C.
272 1258 368 1297 vulgo
384 1265 529 1298 corrupte
544 1258 669 1298 legitur.

138 1387 169 1416 1..
220 1348 532 1416 OCTAVIUg-ARAE
567 1386 787 1417 OCTAVIUS

139 1439 196 1459 cN.
239 1439 266 1459 r.
308 1439 364 1459 CN.
404 1440 437 1459 N.
485 1438 592 1460 cN.1².
616 1439 672 1460 cN.
693 1439 724 1460 N.
749 1430 788 1460 de

137 1472 255 1502 Consul
294 1482 370 1502 cum
403 1472 438 1502 C.
484 1481 550 1511 quo
567 1472 647 1502 nihil
663 1474 786 1513 accepi-

138 1515 280 1550 Aurelio,
352 1524 438 1545 anno
484 1525 568 1546 muS.

138 1560 212 1595 678.
227 1557 437 1589 Gaffiodorus.
628 1557 641 1587 1

137 1602 249 1632 Cicero
300 1601 434 1632 Accusa-
483 1600 784 1632 CN.OCTAVIUS

137 1646 231 1675 tionis
249 1645 365 1684 primo.
486 1654 524 1674 M.
543 1654 570 1674 F.
587 1653 644 1675 CN.
660 1654 694 1674 N.
712 1644 786 1675 Cos.

482 1697 558 1717 cum
587 1688 635 1718 M.
661 1688 787 1718 Scribo-

483 1731 551 1766 nio,
589 1739 677 1760 anno
712 1733 785 1768 677.

483 1773 692 1804 Cassiodorus.

711 2382 766 2412 5⁶

859 355 895 385 C.
934 351 1156 384 OCTAVIUS
1192 351 1263 382 CN.
1302 352 1336 384 F.

860 407 919 429 cN.
946 406 980 427 N.
1009 397 1042 426 in
1068 396 1200 435 equestri
1225 396 1337 426 ordine

860 440 957 472 nullis
995 439 1171 470 honoribus
1206 439 1338 471 funfflus

860 483 1045 525 permansit.
1069 482 1254 555 Siletonius.

860 571 896 600 C.
914 568 1135 600 OCTAVIUS
1158 568 1194 598 C.
1212 568 1247 598 F.
1264 568 1335 600 CN.

862 624 894 644 N.
931 612 1096 643 Tribunus
1127 611 1269 642 militum
1301 613 1335 642 in

859 656 980 693 Sicilia,
1005 655 1138 685 Aimilio
1164 654 1249 694 Papo
1273 656 1336 685 im-

860 706 1013 740 peratore.
1037 698 1222 729 Suetonius.

861 784 897 815 C.
923 784 1144 815 OCTAVIUS
1170 783 1207 814 C.
1237 784 1271 814 F.
1298 783 1338 815 C.

860 839 894 858 N.
917 827 1172 868 Municipalibus
1188 827 1337 866 magiste-

859 872 910 902 riis
937 878 1122 907 contentus‚
1150 871 1336 901 abundante

860 915 1067 954 patrimonio,
1081 913 1336 953 tranquilliffime

859 958 899 987 ad
937 958 1100 988 summam
1141 956 1338 988 seneetutem

859 1001 951 1030 vixit.

860 1086 897 1116 C.
925 1085 1145 1116 OCTAVIUS
1173 1086 1208 1116 C.
1240 1086 1273 1116 F.
1298 1085 1335 1118 C.

862 1139 896 1159 N.
914 1128 1030 1159 AEdilis
1050 1129 1162 1168 plebis.
1206 1129 1335 1166 Praetor,

860 1181 946 1202 anno
993 1173 1067 1210 692.
1132 1171 1335 1203 Provinciam

860 1215 1089 1245 Macedoniam
1123 1215 1248 1246 sortitus
1280 1217 1333 1247 est.

858 1259 1043 1288 Suetonius.
1083 1258 1196 1288 Cicero
1212 1259 1334 1298 Episto-

857 1301 962 1332 larum
979 1301 1018 1332 ad
1036 1301 1076 1332 Q.
1088 1302 1144 1374 1Fr.
1160 1303 1276 1341 primo.

856 1388 891 1418 C.
922 1387 1141 1418 OCTAVIUS
1170 1387 1206 1418 C.
1235 1388 1268 1417 F.
1294 1387 1330 1418 C.

857 1441 890 1460 N.
927 1431 977 1461 Ab
994 1431 1029 1461 C.
1047 1431 1133 1461 Julio
1150 1430 1270 1461 Caesare
1288 1437 1332 1461 te-

855 1475 1012 1504 stamento
1025 1475 1206 1513 adoptatus.
1225 1483 1255 1503 c.
1274 1482 1333 1503 Ju-

856 1526 936 1547 Lius
984 1525 1102 1547 caesmz
1154 1526 1329 1548 οετΑνιυο

853 1560 1030 1601 appellatus
1046 1561 1101 1591 est.
