1572 2616
207 129 288 160 100

625 131 967 162 ROMANORUM

396 218 452 249 cit.
497 217 639 250 Velleius
668 220 701 250 ii.

396 261 586 293 Plutarchus
667 264 701 293 in

398 305 564 336 Gracchis.
581 307 701 346 Appia-

398 358 460 379 nus
484 349 503 379 i.
551 349 702 388 Epitoma

399 391 477 422 lviii.
515 392 627 423 Cicero
641 394 701 424 Ca-

398 434 446 466 til.
466 445 492 465 1.
518 445 574 475 pro
592 436 701 468 domo,

398 478 438 508 de
448 477 571 508 Officiis
586 480 701 518 primo.

399 520 551 551 Mortuus
572 523 615 552 est
633 522 702 552 Per—

397 565 500 603 gami,
514 574 593 595 cum
606 565 704 596 libera

1169 201 1188 219 Ο

1137 227 1225 257 ...Ag

745 263 778 294 P.
801 262 1046 294 CORNELIUS
1070 263 1104 294 P.
1123 264 1157 295 F.

748 316 775 336 P.
804 316 838 338 N.
865 315 984 337 sctpxo
1014 316 1158 337 Arnim-

748 359 828 380 Nus.
876 351 998 390 Augur.
1050 350 1157 381 Livius

746 392 827 423 libro
848 392 925 424 xliv.
961 392 1078 423 AEdilis
1101 402 1158 424 cu-

747 435 835 472 rulis,
853 445 940 466 anno
958 445 1030 476 593.
1055 443 1092 466 ut
1115 438 1158 467 est

747 479 779 508 iu
797 479 1000 519 inscriptione
1018 479 1156 519 Adelph.

745 522 898 552 Terentii.
943 523 1058 552 Orator
1086 523 1158 553 fuit.

748 564 888 595 Velleius
904 566 1019 604 primo.
1047 566 1159 596 Cicero

1203 317 1333 338 nemus
1370 318 1398 339 ι».

1204 360 1232 381 1⁷.
1280 360 1308 381 Ρ.
1362 361 1396 382 Ν.

1204 403 1321 424 selmo
1362 403 1399 424 A·

1204 445 1399 469 FRJCANUS.

1202 479 1324 519 Captus
1357 481 1418 510 ab*

1203 524 1368 553 Antiocho

1202 575 1287 604 rege,
1317 566 1396 605 patri

398 606 444 637 illi
474 617 493 637 a
520 608 628 638 senatu
669 610 702 639 in
749 608 781 637 in
799 609 931 638 Catone.
961 608 1072 639 Bruto.
1101 609 1158 638 Of-
1203 610 1386 639 restituitur.

397 650 506 680 Asiam
521 651 637 690 legatio
650 652 703 682 de-
747 651 897 681 ficiorum
912 651 1030 691 primO.
1204 651 1310 681 Livius
1340 651 1396 682 lib.

395 701 482 723 creta
506 694 591 724 esset.
638 695 702 725 Va·
948 694 963 723 1
1201 695 1397 725 xxxvii.Va-

393 735 490 767 letius
513 737 594 767 libro
614 747 644 767 v.
671 748 700 776 3.

393 779 586 810 Plutarchus
645 782 678 811 in

745 736 778 766 P.
803 736 1050 767 CORNELIUS
1071 737 1104 767 P.
1124 737 1156 768 F.

747 789 775 809 Ρ.
806 790 839 811 N.
869 790 986 811 SCIPIO
1015 790 1158 810 APRJCA-

1201 737 1296 768 letius
1316 738 1397 768 libro

1202 781 1244 810 iii.
1293 783 1397 820 capite

393 823 562 853 Gracchis.
746 832 814 852 Nus
838 833 1073 854 AlMlLlANUS.
1118 824 1154 853 In
1203 833 1232 863 5.
1279 824 1399 854 Plutar-

541 867 553 896 1
745 866 900 905 Hispania
983 867 1156 896 barbarum
1201 868 1282 896 chus
1306 868 1338 897 in
1354 868 1399 898 A-

394 907 429 939 P.
452 908 699 939 CORNELIUS
745 917 987 948 provocatorem
1010 910 1156 939 tribunus
1202 911 1335 940 fricano.

397 961 427 982 P.
453 962 482 981 F.
512 961 540 983 Ρ.
567 963 601 983 N.
628 962 699 982 sci·
745 952 889 982 militum
926 953 1058 989 occidit,
1096 953 1157 991 pri·
1203 954 1369 991 Appianus

397 1004 456 1025 1³10
470 996 698 1026 msmsCos.
745 995 880 1034 musque
907 997 1058 1025 omnium
1086 1006 1157 1025 mu·
1202 997 1233 1025 in
1249 997 1396 1036 Syriacis.

396 1047 475 1068 cum
504 1038 535 1069 L.
566 1039 697 1078 Calpur-

397 1081 465 1117 nio,
504 1091 591 1111 anno
627 1084 701 1121 642.

396 1124 607 1155 Caffiodorus.
663 1126 700 1155 ln

396 1167 580 1206 magistratu
613 1178 701 1198 mor-

397 1217 470 1240 tuus
487 1212 541 1240 est.
589 1211 700 1241 Cicero

396 1253 430 1283 in
448 1254 555 1283 Bruto.
581 1254 701 1284 Memi-

396 1297 444 1326 nit
472 1296 638 1328 Sallustius
667 1299 700 1327 in

393 1340 546 1380 Jugurth.

395 1425 428 1455 P.
452 1425 699 1457 CORNELIUS

397 1478 424 1499 P.
441 1478 469 1499 a.
486 1478 513 1500 1³.
529 1480 564 1500 N.
579 1479 697 1500 seivio

395 1521 538 1543 ΝΛειεΑ.
557 1512 699 1543 Nullum

394 1554 483 1594 geffit
537 1557 701 1595 magistra·

394 1606 480 1628 tum.

393 1683 428 1714 P.
451 1683 698 1714 CORNELIUS

395 1736 425 1758 ιν.
440 1737 468 1758 r.
486 1736 511 1757 ι’.
526 1736 562 1757 u.
578 1736 697 1757 SclPlo

396 1779 543 1801 ›uslcm
581 1771 698 1800 Consul

394 1822 472 1843 cum
490 1814 524 1843 L.
538 1814 698 1851 Domitio,

392 1865 481 1886 anno
496 1864 567 1895 737.
582 1856 700 1887 Caffio-

393 1899 461 1930 dor.
473 1900 537 1930 Dio
553 1899 609 1930 lib.
622 1900 676 1930 liv.

746 1048 817 1068 rum
836 1039 868 1068 in
886 1038 970 1068 urbis
991 1048 1157 1078 expugna·

745 1082 832 1111 tione
849 1082 1001 1111 ascendit.
1048 1082 1156 1120 Epito-

746 1134 800 1154 ma
814 1124 915 1155 xlviii.
939 1124 1077 1154 Velleius
1095 1127 1154 1164 pri-

745 1176 809 1197 mo.
836 1167 950 1198 Ouum
967 1168 1154 1198 aedilitatem

745 1217 875 1249 peteret,
923 1220 989 1240 cos.
1031 1219 1154 1241 creatus

744 1254 788 1283 est
803 1263 879 1284 cum
899 1254 934 1283 C.
953 1254 1054 1290 Livio,
1067 1264 1154 1284 anno

746 1297 820 1327 606.
850 1296 1059 1327 Caffiodorus.
1084 1298 1158 1337 Epi-

745 1346 835 1370 toma
851 1340 873 1370 l.
917 1340 1043 1371 Bellum
1061 1341 1158 1371 Puni-

745 1392 823 1413 cum
865 1384 996 1413 tertium
1044 1384 1154 1423 geffit:

744 1427 857 1456 urbem
888 1428 1087 1466 expugnavit
1114 1428 1157 1457 se-

744 1469 990 1508 ptingentesimo
1070 1479 1157 1500 anno

745 1522 846 1551 quam
891 1519 957 1543 erat
1016 1514 1156 1544 condita.

746 1555 944 1595 Epitomali.
988 1556 1156 1595 Appianus

744 1598 778 1628 in
802 1599 943 1629 Punicis.
988 1598 1100 1629 Florus
1119 1599 1158 1629 li-

743 1641 801 1671 bro
827 1642 858 1671 ii.
892 1651 939 1681 ¹5-
985 1641 1156 1680 Eutropius

743 1684 800 1714 lib.
816 1685 857 1714 iv.
883 1683 1023 1714 Velleius
1040 1685 1155 1724 primo.

743 1727 871 1757 Orosius
887 1727 942 1757 lib.
959 1728 1001 1757 iv.
1016 1738 1067 1759 22.
1103 1728 1154 1758 Ci—

743 1779 814 1800 ceio
827 1771 1050 1801 Accusationis
1063 1780 1155 1810 quar-

744 1820 790 1849 to,
812 1814 851 1844 de
875 1813 1000 1852 Repub.
1017 1814 1060 1844 vi.
1105 1814 1155 1844 De

743 1857 862 1895 Poenis,
876 1857 1025 1892 Lentulo,
1044 1857 1156 1886 Mum-

744 1900 811 1929 mio
837 1909 918 1930 coss.
945 1899 1155 1930 clariffimum

742 1943 947 1982 triumphum
965 1944 1040 1982 egit.
1070 1943 1155 1973 Cen-

743 1985 790 2015 sor
813 1995 890 2016 cum
915 1986 949 2015 L.
974 1986 1153 2022 Mummio,

1201 1039 1332 1075 Praetor,

1201 1092 1288 1112 anno
1319 1083 1392 1122 576.

1201 1125 1341 1155 Galliam

1200 1169 1358 1207 provinci-

1199 1221 1250 1241 am
1270 1212 1395 1242 sortitus

1198 1255 1251 1284 est.
1285 1255 1394 1286 Livius

1201 1297 1257 1328 lib.
1275 1299 1330 1330 xii.

197 2037 286 2059 anno
303 2028 378 2059 611.
421 2027 611 2059 Plutarchus
626 2028 658 2058 in
675 2028 797 2060 Paullo.
833 2029 946 2059 Cicero
964 2029 994 2057 in
1014 2030 1111 2058 Bruto
1126 2041 1131 2058 :
1157 2029 1195 2059 de
1211 2029 1342 2059 Oratore
1357 2030 1390 2060 ii.

198 2072 343 2102 Valerius
367 2070 423 2101 lib.
437 2072 479 2100 iv.
497 2078 526 2102 et
545 2072 587 2102 vi.
632 2071 755 2101 Gellius
779 2071 834 2102 lib.
852 2073 919 2103 xvi.
949 2071 1022 2101 Cos.
1042 2081 1084 2108 ιι,
1102 2081 1178 2102 cum
1203 2072 1391 2102 candidatus

197 2124 266 2146 non
282 2114 368 2150 esset,
385 2115 427 2144 ob
443 2114 567 2144 bellum
590 2115 836 2145 Numantinum
860 2121 984 2145 creatur
1005 2123 1081 2144 cum
1108 2115 1143 2144 C.
1161 2115 1285 2152 Fulvio,
1304 2125 1393 2145 anno

196 2160 272 2198 619.
296 2158 512 2187 Numantiam
529 2157 660 2188 obsedit.
689 2159 884 2188 Numantini
901 2159 1054 2188 diuturna
1076 2158 1237 2188 obsidione
1253 2168 1289 2189 ac
1305 2159 1391 2189 fame

195 2200 300 2231 coafiti
318 2200 373 2240 ipsi
392 2201 420 2230 se
438 2210 490 2239 per
504 2201 609 2231 vicem
636 2201 873 2231 trucidaverunt
889 2213 894 2231 :
921 2200 1035 2231 urbem
1058 2208 1187 2240 captam
1202 2202 1334 2238 excidit,
1352 2203 1391 2231 de

194 2254 232 2275 ea
249 2244 471 2283 triumphavit.
502 2244 651 2284 Epitoma
667 2244 732 2274 lvii.
749 2251 781 2274 et
797 2245 937 2283 sequent.
965 2244 1133 2283 Appianas
1149 2245 1181 2274 in
1200 2244 1391 2284 Hispanien-

196 2287 292 2317 fibus.
338 2287 449 2317 Florus
472 2286 527 2317 lib.
545 2288 577 2317 ii.
600 2289 647 2318 18.
695 2288 863 2326 Eutropius
880 2287 935 2318 lib.
955 2288 995 2316 iv.
1035 2286 1245 2317 Valeriuslib.
1262 2288 1294 2317 ii.
1312 2298 1342 2318 2.
1358 2294 1390 2317 et

194 2330 252 2361 lib.
268 2330 323 2361 vii.
343 2330 373 2360 6.
408 2329 548 2360 Velleius
565 2330 619 2360 lib.
638 2331 669 2361 ii.
708 2331 857 2360 Mortuus
871 2332 914 2361 est
930 2329 1086 2369 Aquinio,
1103 2330 1293 2370 Sempronio
1309 2339 1390 2361 coss.

192 2383 282 2404 anno
298 2373 400 2404 aetatis
417 2374 468 2414 56.
493 2373 645 2414 Epitoma
660 2373 714 2404 lix.
740 2373 880 2404 Velleius
892 2375 924 2405 ii.
