<?xml version="1.0" encoding="UTF-8"?>
<!DOCTYPE html PUBLIC "-//W3C//DTD XHTML 1.0 Transitional//EN"
    "http://www.w3.org/TR/xhtml1/DTD/xhtml1-transitional.dtd">
<html xmlns="http://www.w3.org/1999/xhtml" xml:lang="en" lang="en">
 <head>
  <title>
</title>
<meta http-equiv="Content-Type" content="text/html;charset=utf-8" />
  <meta name='ocr-system' content='tesseract 3.04.00' />
  <meta name='ocr-capabilities' content='ocr_page ocr_carea ocr_par ocr_line ocrx_word'/>
</head>
<body>
  <div class='ocr_page' id='page_1' title='image "./historiarumquaes05livyuoft_0173.png"; bbox 0 0 1572 2616; ppageno 0'>
   <div class='ocr_carea' id='block_1_1' title="bbox 453 119 1341 170">
    <p class='ocr_par' dir='ltr' id='par_1_1' title="bbox 453 119 1341 170">
     <span class='ocr_line' id='line_1_1' title="bbox 453 119 1341 170; baseline -0.01 -10"><span class='ocrx_word' id='word_1_1' title='bbox 453 125 826 159; x_wconf 73' lang='lat' dir='ltr'>HISTORIARUM</span> <span class='ocrx_word' id='word_1_2' title='bbox 850 124 1056 155; x_wconf 82' lang='lat' dir='ltr'><strong>LIBROS·</strong></span> <span class='ocrx_word' id='word_1_3' title='bbox 1262 119 1341 170; x_wconf 74' lang='lat'>153</span> 
     </span>
    </p>
   </div>
   <div class='ocr_carea' id='block_1_2' title="bbox 131 203 1345 2419">
    <p class='ocr_par' dir='ltr' id='par_1_2' title="bbox 146 203 1343 293">
     <span class='ocr_line' id='line_1_2' title="bbox 146 203 1343 251; baseline -0.008 -8"><span class='ocrx_word' id='word_1_4' title='bbox 146 209 397 251; x_wconf 68' lang='lat' dir='ltr'>Megalopofflae,</span> <span class='ocrx_word' id='word_1_5' title='bbox 416 211 470 247; x_wconf 88' lang='lat'>28,</span> <span class='ocrx_word' id='word_1_6' title='bbox 489 211 520 240; x_wconf 88' lang='lat'>8.</span> <span class='ocrx_word' id='word_1_7' title='bbox 546 215 599 249; x_wconf 85' lang='lat'>35,</span> <span class='ocrx_word' id='word_1_8' title='bbox 618 215 670 246; x_wconf 89' lang='lat'>27.</span> <span class='ocrx_word' id='word_1_9' title='bbox 679 208 754 248; x_wconf 80' lang='lat' dir='ltr'>five</span> <span class='ocrx_word' id='word_1_10' title='bbox 772 204 1051 247; x_wconf 83' lang='lat' dir='ltr'>Megalopolitani,</span> <span class='ocrx_word' id='word_1_11' title='bbox 1068 203 1200 235; x_wconf 81' lang='lat' dir='ltr'>restituti</span> <span class='ocrx_word' id='word_1_12' title='bbox 1226 204 1261 234; x_wconf 91' lang='lat' dir='ltr'>in</span> <span class='ocrx_word' id='word_1_13' title='bbox 1285 213 1343 245; x_wconf 87' lang='lat' dir='ltr'>pa-</span> 
     </span>
     <span class='ocr_line' id='line_1_3' title="bbox 183 252 992 293; baseline -0.004 -10"><span class='ocrx_word' id='word_1_14' title='bbox 183 256 280 286; x_wconf 20' lang='lat' dir='ltr'>*triam</span> <span class='ocrx_word' id='word_1_15' title='bbox 298 255 337 284; x_wconf 90' lang='lat' dir='ltr'>ab</span> <span class='ocrx_word' id='word_1_16' title='bbox 352 255 530 293; x_wconf 87' lang='lat' dir='ltr'>Antigono,</span> <span class='ocrx_word' id='word_1_17' title='bbox 548 252 751 283; x_wconf 77' lang='lat' dir='ltr'>Macedoniae</span> <span class='ocrx_word' id='word_1_18' title='bbox 767 260 850 291; x_wconf 86' lang='lat' dir='ltr'>rege,</span> <span class='ocrx_word' id='word_1_19' title='bbox 868 260 921 289; x_wconf 88' lang='lat'>32,</span> <span class='ocrx_word' id='word_1_20' title='bbox 940 259 992 280; x_wconf 85' lang='lat'>22.</span> 
     </span>
    </p>

    <p class='ocr_par' dir='ltr' id='par_1_3' title="bbox 143 290 1342 381">
     <span class='ocr_line' id='line_1_4' title="bbox 143 290 1342 338; baseline -0.006 -9"><span class='ocrx_word' id='word_1_21' title='bbox 143 298 424 338; x_wconf 81' lang='lat' dir='ltr'>Megalopolitanis</span> <span class='ocrx_word' id='word_1_22' title='bbox 440 298 473 327; x_wconf 90' lang='lat' dir='ltr'>in</span> <span class='ocrx_word' id='word_1_23' title='bbox 485 297 622 327; x_wconf 89' lang='lat' dir='ltr'>Arcadia</span> <span class='ocrx_word' id='word_1_24' title='bbox 636 305 770 326; x_wconf 88' lang='lat' dir='ltr'>murum</span> <span class='ocrx_word' id='word_1_25' title='bbox 785 296 815 325; x_wconf 86' lang='lat' dir='ltr'>se</span> <span class='ocrx_word' id='word_1_26' title='bbox 827 294 1106 325; x_wconf 84' lang='lat' dir='ltr'>circumdaturum</span> <span class='ocrx_word' id='word_1_27' title='bbox 1121 290 1192 322; x_wconf 86' lang='lat' dir='ltr'>urbi</span> <span class='ocrx_word' id='word_1_28' title='bbox 1208 290 1342 332; x_wconf 87' lang='lat' dir='ltr'>pollice-</span> 
     </span>
     <span class='ocr_line' id='line_1_5' title="bbox 187 341 789 381; baseline -0.005 -9"><span class='ocrx_word' id='word_1_29' title='bbox 187 350 238 372; x_wconf 82' lang='lat' dir='ltr'>tur</span> <span class='ocrx_word' id='word_1_30' title='bbox 253 342 436 372; x_wconf 87' lang='lat' dir='ltr'>Antiochus</span> <span class='ocrx_word' id='word_1_31' title='bbox 452 341 648 381; x_wconf 83' lang='lat' dir='ltr'>Epiphanes,</span> <span class='ocrx_word' id='word_1_32' title='bbox 665 348 720 380; x_wconf 88' lang='lat'>41,</span> <span class='ocrx_word' id='word_1_33' title='bbox 740 346 789 379; x_wconf 85' lang='lat'>25.</span> 
     </span>
    </p>

    <p class='ocr_par' dir='ltr' id='par_1_4' title="bbox 142 376 1303 424">
     <span class='ocr_line' id='line_1_6' title="bbox 142 376 1303 424; baseline -0.006 -9"><span class='ocrx_word' id='word_1_34' title='bbox 142 385 286 424; x_wconf 84' lang='lat' dir='ltr'>Megara,</span> <span class='ocrx_word' id='word_1_35' title='bbox 302 385 378 416; x_wconf 90' lang='lat' dir='ltr'>urbs</span> <span class='ocrx_word' id='word_1_36' title='bbox 393 384 524 421; x_wconf 63' lang='lat' dir='ltr'>Sicilire,</span> <span class='ocrx_word' id='word_1_37' title='bbox 537 394 592 423; x_wconf 87' lang='lat'>24,</span> <span class='ocrx_word' id='word_1_38' title='bbox 611 393 661 423; x_wconf 87' lang='lat'>30.</span> <span class='ocrx_word' id='word_1_39' title='bbox 685 390 780 423; x_wconf 87' lang='lat' dir='ltr'>capta</span> <span class='ocrx_word' id='word_1_40' title='bbox 794 388 825 413; x_wconf 90' lang='lat' dir='ltr'>et</span> <span class='ocrx_word' id='word_1_41' title='bbox 840 381 946 412; x_wconf 91' lang='lat' dir='ltr'>diruta</span> <span class='ocrx_word' id='word_1_42' title='bbox 960 389 980 412; x_wconf 86' lang='lat' dir='ltr'>a</span> <span class='ocrx_word' id='word_1_43' title='bbox 995 379 1044 411; x_wconf 93' lang='lat' dir='ltr'>M.</span> <span class='ocrx_word' id='word_1_44' title='bbox 1061 376 1232 417; x_wconf 83' lang='lat' dir='ltr'>Marcello,</span> <span class='ocrx_word' id='word_1_45' title='bbox 1249 384 1303 420; x_wconf 84' lang='lat'>35.</span> 
     </span>
    </p>

    <p class='ocr_par' dir='ltr' id='par_1_5' title="bbox 142 428 825 468">
     <span class='ocr_line' id='line_1_7' title="bbox 142 428 825 468; baseline 0 -10"><span class='ocrx_word' id='word_1_46' title='bbox 142 429 288 468; x_wconf 82' lang='lat' dir='ltr'>Megara,</span> <span class='ocrx_word' id='word_1_47' title='bbox 304 428 378 459; x_wconf 92' lang='lat' dir='ltr'>urbs</span> <span class='ocrx_word' id='word_1_48' title='bbox 395 428 542 465; x_wconf 85' lang='lat' dir='ltr'>Graeciae,</span> <span class='ocrx_word' id='word_1_49' title='bbox 558 428 608 461; x_wconf 90' lang='lat'>28,</span> <span class='ocrx_word' id='word_1_50' title='bbox 630 435 657 464; x_wconf 92' lang='lat'>7.</span> <span class='ocrx_word' id='word_1_51' title='bbox 682 436 735 466; x_wconf 77' lang='lat'>31,</span> <span class='ocrx_word' id='word_1_52' title='bbox 753 437 806 459; x_wconf 88' lang='lat'>22.</span> <span class='ocrx_word' id='word_1_53' title='bbox 824 455 825 458; x_wconf 76' lang='grc'>,</span> 
     </span>
    </p>

    <p class='ocr_par' dir='ltr' id='par_1_6' title="bbox 142 472 688 512">
     <span class='ocr_line' id='line_1_8' title="bbox 142 472 688 512; baseline 0.002 -10"><span class='ocrx_word' id='word_1_54' title='bbox 142 472 289 511; x_wconf 80' lang='lat' dir='ltr'>Megiste,</span> <span class='ocrx_word' id='word_1_55' title='bbox 305 478 428 512; x_wconf 89' lang='lat' dir='ltr'>portus,</span> <span class='ocrx_word' id='word_1_56' title='bbox 447 479 501 510; x_wconf 85' lang='lat'>37,</span> <span class='ocrx_word' id='word_1_57' title='bbox 519 482 571 503; x_wconf 88' lang='lat'>22.</span> <span class='ocrx_word' id='word_1_58' title='bbox 588 477 619 501; x_wconf 91' lang='lat' dir='ltr'>et</span> <span class='ocrx_word' id='word_1_59' title='bbox 635 481 688 510; x_wconf 87' lang='lat'>24.</span> 
     </span>
    </p>

    <p class='ocr_par' dir='ltr' id='par_1_7' title="bbox 142 509 1155 554">
     <span class='ocr_line' id='line_1_9' title="bbox 142 509 1155 554; baseline -0.004 -9"><span class='ocrx_word' id='word_1_60' title='bbox 142 514 252 552; x_wconf 83' lang='lat' dir='ltr'>Melae,</span> <span class='ocrx_word' id='word_1_61' title='bbox 270 515 344 546; x_wconf 93' lang='lat' dir='ltr'>urbs</span> <span class='ocrx_word' id='word_1_62' title='bbox 361 517 393 546; x_wconf 90' lang='lat' dir='ltr'>in</span> <span class='ocrx_word' id='word_1_63' title='bbox 409 516 558 552; x_wconf 87' lang='lat' dir='ltr'>Samnio,</span> <span class='ocrx_word' id='word_1_64' title='bbox 576 524 631 554; x_wconf 89' lang='lat'>24,</span> <span class='ocrx_word' id='word_1_65' title='bbox 650 524 701 546; x_wconf 92' lang='lat'>20.</span> <span class='ocrx_word' id='word_1_66' title='bbox 725 513 905 552; x_wconf 90' lang='lat' dir='ltr'>eademque</span> <span class='ocrx_word' id='word_1_67' title='bbox 920 509 1038 549; x_wconf 85' lang='lat' dir='ltr'>Meles,</span> <span class='ocrx_word' id='word_1_68' title='bbox 1052 516 1106 549; x_wconf 85' lang='lat'>27,</span> <span class='ocrx_word' id='word_1_69' title='bbox 1125 520 1155 541; x_wconf 85' lang='lat'>1.</span> 
     </span>
    </p>

    <p class='ocr_par' dir='ltr' id='par_1_8' title="bbox 142 557 758 598">
     <span class='ocr_line' id='line_1_10' title="bbox 142 557 758 598; baseline -0.003 -9"><span class='ocrx_word' id='word_1_70' title='bbox 142 557 359 589; x_wconf 89' lang='lat' dir='ltr'>Melambium</span> <span class='ocrx_word' id='word_1_71' title='bbox 376 558 540 589; x_wconf 77' lang='lat' dir='ltr'>Scotuffaei</span> <span class='ocrx_word' id='word_1_72' title='bbox 559 559 638 598; x_wconf 87' lang='lat' dir='ltr'>agri,</span> <span class='ocrx_word' id='word_1_73' title='bbox 657 567 710 597; x_wconf 87' lang='lat'>33,</span> <span class='ocrx_word' id='word_1_74' title='bbox 727 558 758 587; x_wconf 90' lang='lat'>6.</span> 
     </span>
    </p>

    <p class='ocr_par' dir='ltr' id='par_1_9' title="bbox 141 599 1125 642">
     <span class='ocr_line' id='line_1_11' title="bbox 141 599 1125 642; baseline -0.003 -11"><span class='ocrx_word' id='word_1_75' title='bbox 141 601 257 639; x_wconf 88' lang='lat' dir='ltr'>Melas,</span> <span class='ocrx_word' id='word_1_76' title='bbox 275 601 459 633; x_wconf 84' lang='lat' dir='ltr'>amniculus</span> <span class='ocrx_word' id='word_1_77' title='bbox 476 611 575 642; x_wconf 88' lang='lat' dir='ltr'>prope</span> <span class='ocrx_word' id='word_1_78' title='bbox 592 600 783 632; x_wconf 85' lang='lat' dir='ltr'>Heracleam</span> <span class='ocrx_word' id='word_1_79' title='bbox 800 599 839 629; x_wconf 90' lang='lat' dir='ltr'>ad</span> <span class='ocrx_word' id='word_1_80' title='bbox 857 599 982 635; x_wconf 90' lang='lat' dir='ltr'>OEtam‚</span> <span class='ocrx_word' id='word_1_81' title='bbox 999 599 1053 637; x_wconf 86' lang='lat'>36,</span> <span class='ocrx_word' id='word_1_82' title='bbox 1073 606 1125 630; x_wconf 88' lang='lat'>22.</span> 
     </span>
    </p>

    <p class='ocr_par' dir='ltr' id='par_1_10' title="bbox 140 642 1087 686">
     <span class='ocr_line' id='line_1_12' title="bbox 140 642 1087 686; baseline -0.003 -11"><span class='ocrx_word' id='word_1_83' title='bbox 140 644 256 682; x_wconf 90' lang='lat' dir='ltr'>Melas,</span> <span class='ocrx_word' id='word_1_84' title='bbox 274 647 381 676; x_wconf 86' lang='lat' dir='ltr'>amnis</span> <span class='ocrx_word' id='word_1_85' title='bbox 398 647 479 676; x_wconf 86' lang='lat' dir='ltr'>inter</span> <span class='ocrx_word' id='word_1_86' title='bbox 495 645 732 686; x_wconf 75' lang='lat' dir='ltr'>Lysimachiam</span> <span class='ocrx_word' id='word_1_87' title='bbox 749 650 779 673; x_wconf 91' lang='lat' dir='ltr'>et</span> <span class='ocrx_word' id='word_1_88' title='bbox 796 642 943 683; x_wconf 85' lang='lat' dir='ltr'>Cypsela,</span> <span class='ocrx_word' id='word_1_89' title='bbox 963 644 1016 681; x_wconf 83' lang='lat'>38,</span> <span class='ocrx_word' id='word_1_90' title='bbox 1032 652 1087 683; x_wconf 88' lang='lat'>40.</span> 
     </span>
    </p>

    <p class='ocr_par' dir='ltr' id='par_1_11' title="bbox 140 687 998 729">
     <span class='ocr_line' id='line_1_13' title="bbox 140 687 998 729; baseline -0.002 -11"><span class='ocrx_word' id='word_1_91' title='bbox 140 687 325 726; x_wconf 81' lang='lat' dir='ltr'>Melefl&#39;um,</span> <span class='ocrx_word' id='word_1_92' title='bbox 343 689 495 729; x_wconf 87' lang='lat' dir='ltr'>Hispanae</span> <span class='ocrx_word' id='word_1_93' title='bbox 510 690 626 729; x_wconf 84' lang='lat' dir='ltr'>gentis,</span> <span class='ocrx_word' id='word_1_94' title='bbox 644 688 718 718; x_wconf 86' lang='lat' dir='ltr'>urbs</span> <span class='ocrx_word' id='word_1_95' title='bbox 734 687 876 726; x_wconf 82' lang='lat' dir='ltr'>Oringis,</span> <span class='ocrx_word' id='word_1_96' title='bbox 896 687 948 723; x_wconf 90' lang='lat'>28,</span> <span class='ocrx_word' id='word_1_97' title='bbox 968 695 998 724; x_wconf 85' lang='lat'>3.</span> 
     </span>
    </p>

    <p class='ocr_par' dir='ltr' id='par_1_12' title="bbox 139 725 1340 859">
     <span class='ocr_line' id='line_1_14' title="bbox 139 725 1340 772; baseline -0.006 -10"><span class='ocrx_word' id='word_1_98' title='bbox 139 731 307 769; x_wconf 81' lang='lat' dir='ltr'>Meliboea,</span> <span class='ocrx_word' id='word_1_99' title='bbox 325 733 495 772; x_wconf 89' lang='lat' dir='ltr'>oppidum,</span> <span class='ocrx_word' id='word_1_100' title='bbox 515 734 568 771; x_wconf 86' lang='lat'>36,</span> <span class='ocrx_word' id='word_1_101' title='bbox 590 743 638 771; x_wconf 84' lang='lat'>13.</span> <span class='ocrx_word' id='word_1_102' title='bbox 662 731 758 762; x_wconf 85' lang='lat' dir='ltr'>fitum</span> <span class='ocrx_word' id='word_1_103' title='bbox 784 731 818 760; x_wconf 90' lang='lat' dir='ltr'>in</span> <span class='ocrx_word' id='word_1_104' title='bbox 840 729 1001 760; x_wconf 83' lang='lat' dir='ltr'>radicibus</span> <span class='ocrx_word' id='word_1_105' title='bbox 1021 727 1105 759; x_wconf 79' lang='lat' dir='ltr'>Offae</span> <span class='ocrx_word' id='word_1_106' title='bbox 1130 725 1265 762; x_wconf 88' lang='lat' dir='ltr'>montis,</span> <span class='ocrx_word' id='word_1_107' title='bbox 1282 734 1340 766; x_wconf 86' lang='lat'>44,</span> 
     </span>
     <span class='ocr_line' id='line_1_15' title="bbox 187 769 1340 814; baseline -0.006 -8"><span class='ocrx_word' id='word_1_108' title='bbox 187 786 236 814; x_wconf 83' lang='lat'>13.</span> <span class='ocrx_word' id='word_1_109' title='bbox 254 782 393 806; x_wconf 85' lang='lat' dir='ltr'>tentatur</span> <span class='ocrx_word' id='word_1_110' title='bbox 416 786 435 806; x_wconf 89' lang='lat' dir='ltr'>a</span> <span class='ocrx_word' id='word_1_111' title='bbox 461 776 630 814; x_wconf 88' lang='lat' dir='ltr'>Romanis,</span> <span class='ocrx_word' id='word_1_112' title='bbox 649 776 771 812; x_wconf 83' lang='lat' dir='ltr'>frustra,</span> <span class='ocrx_word' id='word_1_113' title='bbox 789 773 862 804; x_wconf 86' lang='lat' dir='ltr'>ibid.</span> <span class='ocrx_word' id='word_1_114' title='bbox 885 773 1011 813; x_wconf 83' lang='lat' dir='ltr'>capitur</span> <span class='ocrx_word' id='word_1_115' title='bbox 1027 781 1046 802; x_wconf 92' lang='lat' dir='ltr'>a</span> <span class='ocrx_word' id='word_1_116' title='bbox 1062 772 1122 802; x_wconf 89' lang='lat' dir='ltr'>Cn.</span> <span class='ocrx_word' id='word_1_117' title='bbox 1141 769 1290 808; x_wconf 64' lang='lat' dir='ltr'>oetavio,</span> <span class='ocrx_word' id='word_1_118' title='bbox 1306 775 1340 804; x_wconf 79' lang='lat' dir='ltr'>et</span> 
     </span>
     <span class='ocr_line' id='line_1_16' title="bbox 184 820 481 859; baseline 0 -10"><span class='ocrx_word' id='word_1_119' title='bbox 184 820 341 859; x_wconf 84' lang='lat' dir='ltr'>diripitur,</span> <span class='ocrx_word' id='word_1_120' title='bbox 357 829 413 859; x_wconf 82' lang='lat'>44,</span> <span class='ocrx_word' id='word_1_121' title='bbox 428 821 481 859; x_wconf 88' lang='lat'>46.</span> 
     </span>
    </p>

    <p class='ocr_par' dir='ltr' id='par_1_13' title="bbox 140 859 1120 902">
     <span class='ocr_line' id='line_1_17' title="bbox 140 859 1120 902; baseline -0.004 -10"><span class='ocrx_word' id='word_1_122' title='bbox 140 861 268 900; x_wconf 83' lang='lat' dir='ltr'>Melita,</span> <span class='ocrx_word' id='word_1_123' title='bbox 286 863 400 898; x_wconf 79' lang='lat' dir='ltr'>insula,</span> <span class='ocrx_word' id='word_1_124' title='bbox 418 870 513 902; x_wconf 88' lang='lat' dir='ltr'>capta</span> <span class='ocrx_word' id='word_1_125' title='bbox 527 872 546 892; x_wconf 91' lang='lat' dir='ltr'>a</span> <span class='ocrx_word' id='word_1_126' title='bbox 560 862 610 893; x_wconf 90' lang='lat' dir='ltr'>Ti.</span> <span class='ocrx_word' id='word_1_127' title='bbox 627 862 819 902; x_wconf 89' lang='lat' dir='ltr'>Sempronio</span> <span class='ocrx_word' id='word_1_128' title='bbox 835 859 979 898; x_wconf 88' lang='lat' dir='ltr'>consule,</span> <span class='ocrx_word' id='word_1_129' title='bbox 996 869 1051 898; x_wconf 87' lang='lat'>21,</span> <span class='ocrx_word' id='word_1_130' title='bbox 1067 865 1120 899; x_wconf 86' lang='lat'>51.</span> 
     </span>
    </p>

    <p class='ocr_par' dir='ltr' id='par_1_14' title="bbox 142 905 666 945">
     <span class='ocr_line' id='line_1_18' title="bbox 142 905 666 945; baseline 0.004 -10"><span class='ocrx_word' id='word_1_131' title='bbox 142 905 274 943; x_wconf 86' lang='lat' dir='ltr'>Melius,</span> <span class='ocrx_word' id='word_1_132' title='bbox 291 907 380 936; x_wconf 80' lang='lat' dir='ltr'>vicus·</span> <span class='ocrx_word' id='word_1_133' title='bbox 398 906 524 943; x_wconf 85' lang='lat' dir='ltr'>Romae,</span> <span class='ocrx_word' id='word_1_134' title='bbox 544 915 597 945; x_wconf 85' lang='lat'>33,</span> <span class='ocrx_word' id='word_1_135' title='bbox 614 907 666 937; x_wconf 90' lang='lat'>26.</span> 
     </span>
    </p>

    <p class='ocr_par' dir='ltr' id='par_1_15' title="bbox 141 948 520 988">
     <span class='ocr_line' id='line_1_19' title="bbox 141 948 520 988; baseline 0.003 -10"><span class='ocrx_word' id='word_1_136' title='bbox 141 948 273 980; x_wconf 85' lang='lat' dir='ltr'>Melotis</span> <span class='ocrx_word' id='word_1_137' title='bbox 289 956 381 986; x_wconf 83' lang='lat' dir='ltr'>terra,</span> <span class='ocrx_word' id='word_1_138' title='bbox 399 959 452 988; x_wconf 66' lang='lat'>32,</span> <span class='ocrx_word' id='word_1_139' title='bbox 471 959 520 988; x_wconf 80' lang='lat'>13.</span> 
     </span>
    </p>

    <p class='ocr_par' dir='ltr' id='par_1_16' title="bbox 141 985 1343 1116">
     <span class='ocr_line' id='line_1_20' title="bbox 141 985 1343 1031; baseline -0.005 -8"><span class='ocrx_word' id='word_1_140' title='bbox 141 991 179 1022; x_wconf 91' lang='lat' dir='ltr'>C.</span> <span class='ocrx_word' id='word_1_141' title='bbox 197 993 378 1023; x_wconf 85' lang='lat' dir='ltr'>Memmius</span> <span class='ocrx_word' id='word_1_142' title='bbox 403 992 517 1022; x_wconf 89' lang='lat' dir='ltr'>Gallus</span> <span class='ocrx_word' id='word_1_143' title='bbox 545 998 670 1022; x_wconf 88' lang='lat' dir='ltr'>creatur</span> <span class='ocrx_word' id='word_1_144' title='bbox 695 997 819 1031; x_wconf 71' lang='lat' dir='ltr'>praetor,</span> <span class='ocrx_word' id='word_1_145' title='bbox 844 1000 900 1031; x_wconf 88' lang='lat'>41,</span> <span class='ocrx_word' id='word_1_146' title='bbox 927 1000 978 1022; x_wconf 89' lang='lat'>22.</span> <span class='ocrx_word' id='word_1_147' title='bbox 1002 988 1127 1029; x_wconf 86' lang='lat' dir='ltr'>legatus</span> <span class='ocrx_word' id='word_1_148' title='bbox 1150 987 1191 1018; x_wconf 84' lang='lat' dir='ltr'>ad</span> <span class='ocrx_word' id='word_1_149' title='bbox 1212 985 1343 1018; x_wconf 81' lang='lat' dir='ltr'>AEtolos</span> 
     </span>
     <span class='ocr_line' id='line_1_21' title="bbox 184 1030 1342 1076; baseline -0.005 -10"><span class='ocrx_word' id='word_1_150' title='bbox 184 1037 334 1073; x_wconf 80' lang='lat' dir='ltr'>mittitur,</span> <span class='ocrx_word' id='word_1_151' title='bbox 353 1046 405 1075; x_wconf 84' lang='lat'>30.</span> <span class='ocrx_word' id='word_1_152' title='bbox 429 1043 544 1076; x_wconf 86' lang='lat' dir='ltr'>praetor</span> <span class='ocrx_word' id='word_1_153' title='bbox 559 1036 689 1073; x_wconf 88' lang='lat' dir='ltr'>iterum,</span> <span class='ocrx_word' id='word_1_154' title='bbox 704 1045 760 1074; x_wconf 87' lang='lat'>42,</span> <span class='ocrx_word' id='word_1_155' title='bbox 779 1043 810 1073; x_wconf 86' lang='grc'>9.</span> <span class='ocrx_word' id='word_1_156' title='bbox 832 1034 958 1064; x_wconf 84' lang='lat' dir='ltr'>sortitur</span> <span class='ocrx_word' id='word_1_157' title='bbox 979 1033 1139 1070; x_wconf 88' lang='lat' dir='ltr'>Siciliam,</span> <span class='ocrx_word' id='word_1_158' title='bbox 1157 1041 1208 1063; x_wconf 87' lang='lat'>10.</span> <span class='ocrx_word' id='word_1_159' title='bbox 1220 1030 1288 1062; x_wconf 80' lang='lat' dir='ltr'>vid.</span> <span class='ocrx_word' id='word_1_160' title='bbox 1311 1036 1342 1060; x_wconf 82' lang='lat' dir='ltr'>et</span> 
     </span>
     <span class='ocr_line' id='line_1_22' title="bbox 184 1087 237 1116; baseline -0.019 -6"><span class='ocrx_word' id='word_1_161' title='bbox 184 1087 237 1116; x_wconf 90' lang='lat'>27.</span> 
     </span>
    </p>

    <p class='ocr_par' dir='ltr' id='par_1_17' title="bbox 138 1121 665 1161">
     <span class='ocr_line' id='line_1_23' title="bbox 138 1121 665 1161; baseline -0.002 -9"><span class='ocrx_word' id='word_1_162' title='bbox 138 1121 179 1152; x_wconf 87' lang='lat' dir='ltr'>T.</span> <span class='ocrx_word' id='word_1_163' title='bbox 197 1122 391 1159; x_wconf 78' lang='lat' dir='ltr'>Memmius,</span> <span class='ocrx_word' id='word_1_164' title='bbox 409 1121 544 1161; x_wconf 85' lang='lat' dir='ltr'>legatus,</span> <span class='ocrx_word' id='word_1_165' title='bbox 561 1131 618 1161; x_wconf 86' lang='lat'>43,</span> <span class='ocrx_word' id='word_1_166' title='bbox 636 1128 665 1158; x_wconf 90' lang='lat'>7.</span> 
     </span>
    </p>

    <p class='ocr_par' dir='ltr' id='par_1_18' title="bbox 139 1164 940 1205">
     <span class='ocr_line' id='line_1_24' title="bbox 139 1164 940 1205; baseline -0.001 -10"><span class='ocrx_word' id='word_1_167' title='bbox 139 1164 314 1203; x_wconf 85' lang='lat' dir='ltr'>Memnon,</span> <span class='ocrx_word' id='word_1_168' title='bbox 330 1167 525 1205; x_wconf 86' lang='lat' dir='ltr'>Demiurgus</span> <span class='ocrx_word' id='word_1_169' title='bbox 541 1165 628 1205; x_wconf 82' lang='lat' dir='ltr'>apud</span> <span class='ocrx_word' id='word_1_170' title='bbox 644 1164 796 1200; x_wconf 75' lang='lat' dir='ltr'>Achaeos,</span> <span class='ocrx_word' id='word_1_171' title='bbox 815 1173 869 1203; x_wconf 83' lang='lat'>32,</span> <span class='ocrx_word' id='word_1_172' title='bbox 888 1173 940 1195; x_wconf 90' lang='lat'>22.</span> 
     </span>
    </p>

    <p class='ocr_par' dir='ltr' id='par_1_19' title="bbox 139 1208 828 1249">
     <span class='ocr_line' id='line_1_25' title="bbox 139 1208 828 1249; baseline 0.003 -11"><span class='ocrx_word' id='word_1_173' title='bbox 139 1208 319 1248; x_wconf 79' lang='lat' dir='ltr'>Memphis,</span> <span class='ocrx_word' id='word_1_174' title='bbox 335 1210 408 1239; x_wconf 85' lang='lat' dir='ltr'>urbs</span> <span class='ocrx_word' id='word_1_175' title='bbox 423 1209 570 1249; x_wconf 84' lang='lat' dir='ltr'>AEgypti‚</span> <span class='ocrx_word' id='word_1_176' title='bbox 586 1217 642 1248; x_wconf 84' lang='lat'>45,</span> <span class='ocrx_word' id='word_1_177' title='bbox 664 1218 711 1238; x_wconf 90' lang='lat'>11.</span> <span class='ocrx_word' id='word_1_178' title='bbox 729 1215 760 1238; x_wconf 87' lang='lat' dir='ltr'>et</span> <span class='ocrx_word' id='word_1_179' title='bbox 779 1218 828 1240; x_wconf 87' lang='lat'>12.</span> 
     </span>
    </p>

    <p class='ocr_par' dir='ltr' id='par_1_20' title="bbox 137 1251 735 1292">
     <span class='ocr_line' id='line_1_26' title="bbox 137 1251 735 1292; baseline 0 -10"><span class='ocrx_word' id='word_1_180' title='bbox 137 1251 279 1289; x_wconf 85' lang='lat' dir='ltr'>Mendis‚</span> <span class='ocrx_word' id='word_1_181' title='bbox 299 1253 479 1283; x_wconf 88' lang='lat' dir='ltr'>maritimus</span> <span class='ocrx_word' id='word_1_182' title='bbox 495 1253 598 1289; x_wconf 82' lang='lat' dir='ltr'>vicus,</span> <span class='ocrx_word' id='word_1_183' title='bbox 613 1261 666 1290; x_wconf 85' lang='lat'>31,</span> <span class='ocrx_word' id='word_1_184' title='bbox 680 1260 735 1292; x_wconf 82' lang='lat'>45.</span> 
     </span>
    </p>

    <p class='ocr_par' dir='ltr' id='par_1_21' title="bbox 140 1295 709 1335">
     <span class='ocr_line' id='line_1_27' title="bbox 140 1295 709 1335; baseline 0 -10"><span class='ocrx_word' id='word_1_185' title='bbox 140 1295 353 1333; x_wconf 85' lang='lat' dir='ltr'>Menecrates,</span> <span class='ocrx_word' id='word_1_186' title='bbox 370 1297 437 1326; x_wconf 90' lang='lat' dir='ltr'>dux</span> <span class='ocrx_word' id='word_1_187' title='bbox 455 1296 566 1331; x_wconf 86' lang='lat' dir='ltr'>Persei,</span> <span class='ocrx_word' id='word_1_188' title='bbox 583 1305 638 1335; x_wconf 82' lang='lat'>44,</span> <span class='ocrx_word' id='word_1_189' title='bbox 658 1305 709 1334; x_wconf 84' lang='lat'>24.</span> 
     </span>
    </p>

    <p class='ocr_par' dir='ltr' id='par_1_22' title="bbox 140 1336 854 1380">
     <span class='ocr_line' id='line_1_28' title="bbox 140 1336 854 1380; baseline -0.003 -11"><span class='ocrx_word' id='word_1_190' title='bbox 140 1338 312 1376; x_wconf 79' lang='lat' dir='ltr'>Menelais,</span> <span class='ocrx_word' id='word_1_191' title='bbox 331 1340 488 1380; x_wconf 87' lang='lat' dir='ltr'>oppidum</span> <span class='ocrx_word' id='word_1_192' title='bbox 506 1340 538 1368; x_wconf 88' lang='lat' dir='ltr'>in</span> <span class='ocrx_word' id='word_1_193' title='bbox 554 1338 707 1378; x_wconf 87' lang='lat' dir='ltr'>Dolopia,</span> <span class='ocrx_word' id='word_1_194' title='bbox 728 1347 782 1378; x_wconf 85' lang='lat'>39,</span> <span class='ocrx_word' id='word_1_195' title='bbox 801 1336 854 1368; x_wconf 87' lang='lat'>26.</span> 
     </span>
    </p>

    <p class='ocr_par' dir='ltr' id='par_1_23' title="bbox 139 1381 598 1422">
     <span class='ocr_line' id='line_1_29' title="bbox 139 1381 598 1422; baseline 0.004 -11"><span class='ocrx_word' id='word_1_196' title='bbox 139 1381 333 1419; x_wconf 66' lang='lat' dir='ltr'>Menelai-as,</span> <span class='ocrx_word' id='word_1_197' title='bbox 352 1393 460 1419; x_wconf 89' lang='lat' dir='ltr'>mons,</span> <span class='ocrx_word' id='word_1_198' title='bbox 478 1393 530 1422; x_wconf 86' lang='lat'>34,</span> <span class='ocrx_word' id='word_1_199' title='bbox 547 1383 598 1413; x_wconf 86' lang='lat'>28.</span> 
     </span>
    </p>

    <p class='ocr_par' dir='ltr' id='par_1_24' title="bbox 137 1421 1345 1596">
     <span class='ocr_line' id='line_1_30' title="bbox 137 1421 1340 1464; baseline -0.003 -9"><span class='ocrx_word' id='word_1_200' title='bbox 137 1426 214 1464; x_wconf 82' lang='lat' dir='ltr'>Agr.</span> <span class='ocrx_word' id='word_1_201' title='bbox 233 1426 418 1464; x_wconf 79' lang='lat' dir='ltr'>Menenius,</span> <span class='ocrx_word' id='word_1_202' title='bbox 434 1425 559 1462; x_wconf 89' lang='lat' dir='ltr'>consul,</span> <span class='ocrx_word' id='word_1_203' title='bbox 578 1435 610 1461; x_wconf 82' lang='lat'>2,</span> <span class='ocrx_word' id='word_1_204' title='bbox 631 1425 680 1455; x_wconf 89' lang='lat'>16.</span> <span class='ocrx_word' id='word_1_205' title='bbox 704 1424 744 1454; x_wconf 89' lang='lat' dir='ltr'>ad</span> <span class='ocrx_word' id='word_1_206' title='bbox 760 1423 901 1463; x_wconf 84' lang='lat' dir='ltr'>plebem,</span> <span class='ocrx_word' id='word_1_207' title='bbox 926 1431 999 1463; x_wconf 85' lang='lat' dir='ltr'>quae</span> <span class='ocrx_word' id='word_1_208' title='bbox 1026 1422 1060 1452; x_wconf 91' lang='lat' dir='ltr'>in</span> <span class='ocrx_word' id='word_1_209' title='bbox 1083 1421 1220 1452; x_wconf 88' lang='lat' dir='ltr'>Sacrum</span> <span class='ocrx_word' id='word_1_210' title='bbox 1241 1429 1340 1452; x_wconf 88' lang='lat' dir='ltr'>mon·</span> 
     </span>
     <span class='ocr_line' id='line_1_31' title="bbox 183 1464 1345 1506; baseline -0.004 -7"><span class='ocrx_word' id='word_1_211' title='bbox 183 1476 248 1499; x_wconf 88' lang='lat' dir='ltr'>tem</span> <span class='ocrx_word' id='word_1_212' title='bbox 279 1469 449 1506; x_wconf 72' lang='lat' dir='ltr'>secesserat,</span> <span class='ocrx_word' id='word_1_213' title='bbox 479 1469 628 1506; x_wconf 84' lang='lat' dir='ltr'>mittitur,</span> <span class='ocrx_word' id='word_1_214' title='bbox 657 1476 795 1506; x_wconf 86' lang='lat' dir='ltr'>eamque</span> <span class='ocrx_word' id='word_1_215' title='bbox 821 1466 955 1503; x_wconf 87' lang='lat' dir='ltr'>reducit,</span> <span class='ocrx_word' id='word_1_216' title='bbox 979 1475 1030 1505; x_wconf 87' lang='lat'>32.</span> <span class='ocrx_word' id='word_1_217' title='bbox 1061 1465 1208 1501; x_wconf 88' lang='lat' dir='ltr'>moritur,</span> <span class='ocrx_word' id='word_1_218' title='bbox 1231 1473 1283 1504; x_wconf 84' lang='lat'>33.</span> <span class='ocrx_word' id='word_1_219' title='bbox 1307 1464 1345 1494; x_wconf 88' lang='lat' dir='ltr'>ei.</span> 
     </span>
     <span class='ocr_line' id='line_1_32' title="bbox 182 1507 1339 1552; baseline -0.002 -11"><span class='ocrx_word' id='word_1_220' title='bbox 182 1512 308 1543; x_wconf 78' lang='lat' dir='ltr'>sumtus</span> <span class='ocrx_word' id='word_1_221' title='bbox 324 1522 427 1552; x_wconf 90' lang='lat' dir='ltr'>quum</span> <span class='ocrx_word' id='word_1_222' title='bbox 445 1513 546 1543; x_wconf 84' lang='lat' dir='ltr'>funeri</span> <span class='ocrx_word' id='word_1_223' title='bbox 570 1511 697 1549; x_wconf 75' lang='lat' dir='ltr'>deesset,</span> <span class='ocrx_word' id='word_1_224' title='bbox 714 1511 803 1551; x_wconf 87' lang='lat' dir='ltr'>plebs</span> <span class='ocrx_word' id='word_1_225' title='bbox 818 1519 895 1541; x_wconf 87' lang='lat' dir='ltr'>eum</span> <span class='ocrx_word' id='word_1_226' title='bbox 912 1508 1040 1546; x_wconf 84' lang='lat' dir='ltr'>extulit,</span> <span class='ocrx_word' id='word_1_227' title='bbox 1058 1508 1255 1539; x_wconf 84' lang='lat' dir='ltr'>sextantibus</span> <span class='ocrx_word' id='word_1_228' title='bbox 1271 1507 1339 1539; x_wconf 85' lang='lat' dir='ltr'>col-</span> 
     </span>
     <span class='ocr_line' id='line_1_33' title="bbox 181 1554 524 1596; baseline 0 -10"><span class='ocrx_word' id='word_1_229' title='bbox 181 1554 253 1586; x_wconf 86' lang='lat' dir='ltr'>latis</span> <span class='ocrx_word' id='word_1_230' title='bbox 269 1557 301 1592; x_wconf 80' lang='lat' dir='ltr'>in</span> <span class='ocrx_word' id='word_1_231' title='bbox 318 1557 435 1596; x_wconf 88' lang='lat' dir='ltr'>capita,</span> <span class='ocrx_word' id='word_1_232' title='bbox 453 1556 524 1586; x_wconf 84' lang='lat' dir='ltr'>ibid.</span> 
     </span>
    </p>

    <p class='ocr_par' dir='ltr' id='par_1_25' title="bbox 137 1595 1336 1638">
     <span class='ocr_line' id='line_1_34' title="bbox 137 1595 1336 1638; baseline -0.005 -8"><span class='ocrx_word' id='word_1_233' title='bbox 137 1599 212 1638; x_wconf 83' lang='lat' dir='ltr'>Agr.</span> <span class='ocrx_word' id='word_1_234' title='bbox 233 1600 418 1636; x_wconf 86' lang='lat' dir='ltr'>Menenius,</span> <span class='ocrx_word' id='word_1_235' title='bbox 432 1599 578 1630; x_wconf 88' lang='lat' dir='ltr'>triumvir</span> <span class='ocrx_word' id='word_1_236' title='bbox 593 1598 633 1629; x_wconf 93' lang='lat' dir='ltr'>ad</span> <span class='ocrx_word' id='word_1_237' title='bbox 648 1597 812 1628; x_wconf 88' lang='lat' dir='ltr'>coloniam</span> <span class='ocrx_word' id='word_1_238' title='bbox 824 1597 964 1628; x_wconf 87' lang='lat' dir='ltr'>Ardeam</span> <span class='ocrx_word' id='word_1_239' title='bbox 977 1595 1216 1633; x_wconf 84' lang='lat' dir='ltr'>deducendam,</span> <span class='ocrx_word' id='word_1_240' title='bbox 1230 1604 1265 1635; x_wconf 89' lang='lat'>4,</span> <span class='ocrx_word' id='word_1_241' title='bbox 1284 1604 1297 1625; x_wconf 87' lang='lat'>1</span> <span class='ocrx_word' id='word_1_242' title='bbox 1309 1603 1336 1625; x_wconf 87' lang='lat'>1.</span> 
     </span>
    </p>

    <p class='ocr_par' dir='ltr' id='par_1_26' title="bbox 136 1637 1343 1727">
     <span class='ocr_line' id='line_1_35' title="bbox 136 1637 1343 1682; baseline -0.003 -10"><span class='ocrx_word' id='word_1_243' title='bbox 136 1643 213 1682; x_wconf 85' lang='lat' dir='ltr'>Agr.</span> <span class='ocrx_word' id='word_1_244' title='bbox 229 1644 401 1675; x_wconf 75' lang='lat' dir='ltr'>Menenius</span> <span class='ocrx_word' id='word_1_245' title='bbox 416 1644 567 1680; x_wconf 81' lang='lat' dir='ltr'>Lanatus,</span> <span class='ocrx_word' id='word_1_246' title='bbox 582 1641 708 1681; x_wconf 89' lang='lat' dir='ltr'>consul,</span> <span class='ocrx_word' id='word_1_247' title='bbox 725 1652 759 1682; x_wconf 86' lang='lat'>4,</span> <span class='ocrx_word' id='word_1_248' title='bbox 777 1650 826 1680; x_wconf 86' lang='lat'>13·</span> <span class='ocrx_word' id='word_1_249' title='bbox 838 1640 998 1672; x_wconf 86' lang='lat' dir='ltr'>·tribunus</span> <span class='ocrx_word' id='word_1_250' title='bbox 1016 1638 1162 1671; x_wconf 89' lang='lat' dir='ltr'>militum</span> <span class='ocrx_word' id='word_1_251' title='bbox 1178 1637 1343 1670; x_wconf 66' lang='lat' dir='ltr'>consulari,</span> 
     </span>
     <span class='ocr_line' id='line_1_36' title="bbox 181 1688 640 1727; baseline 0.002 -12"><span class='ocrx_word' id='word_1_252' title='bbox 181 1689 345 1725; x_wconf 79' lang='lat' dir='ltr'>potestate,</span> <span class='ocrx_word' id='word_1_253' title='bbox 361 1696 412 1727; x_wconf 87' lang='lat'>44.</span> <span class='ocrx_word' id='word_1_254' title='bbox 439 1688 570 1723; x_wconf 88' lang='lat' dir='ltr'>iterum,</span> <span class='ocrx_word' id='word_1_255' title='bbox 587 1693 640 1727; x_wconf 85' lang='lat'>47.</span> 
     </span>
    </p>

    <p class='ocr_par' dir='ltr' id='par_1_27' title="bbox 137 1726 640 1769">
     <span class='ocr_line' id='line_1_37' title="bbox 137 1726 640 1769; baseline 0.002 -10"><span class='ocrx_word' id='word_1_256' title='bbox 137 1728 175 1759; x_wconf 90' lang='lat' dir='ltr'>C.</span> <span class='ocrx_word' id='word_1_257' title='bbox 194 1726 378 1766; x_wconf 81' lang='lat' dir='ltr'>Menenius,</span> <span class='ocrx_word' id='word_1_258' title='bbox 396 1729 520 1767; x_wconf 89' lang='lat' dir='ltr'>consul,</span> <span class='ocrx_word' id='word_1_259' title='bbox 537 1739 568 1769; x_wconf 84' lang='lat'>3,</span> <span class='ocrx_word' id='word_1_260' title='bbox 589 1739 640 1768; x_wconf 84' lang='lat'>32.</span> 
     </span>
    </p>

    <p class='ocr_par' dir='ltr' id='par_1_28' title="bbox 139 1771 794 1812">
     <span class='ocr_line' id='line_1_38' title="bbox 139 1771 794 1812; baseline 0 -11"><span class='ocrx_word' id='word_1_261' title='bbox 139 1772 172 1802; x_wconf 92' lang='lat' dir='ltr'>L.</span> <span class='ocrx_word' id='word_1_262' title='bbox 192 1773 363 1804; x_wconf 87' lang='lat' dir='ltr'>Menenius</span> <span class='ocrx_word' id='word_1_263' title='bbox 380 1775 531 1810; x_wconf 79' lang='lat' dir='ltr'>Lanatus,</span> <span class='ocrx_word' id='word_1_264' title='bbox 549 1771 673 1809; x_wconf 87' lang='lat' dir='ltr'>consul,</span> <span class='ocrx_word' id='word_1_265' title='bbox 689 1782 722 1812; x_wconf 93' lang='lat'>4,</span> <span class='ocrx_word' id='word_1_266' title='bbox 743 1781 794 1802; x_wconf 84' lang='lat'>12.</span> 
     </span>
    </p>

    <p class='ocr_par' dir='ltr' id='par_1_29' title="bbox 136 1811 1336 1895">
     <span class='ocr_line' id='line_1_39' title="bbox 136 1811 1336 1854; baseline -0.003 -9"><span class='ocrx_word' id='word_1_267' title='bbox 136 1815 172 1845; x_wconf 89' lang='lat' dir='ltr'>L.</span> <span class='ocrx_word' id='word_1_268' title='bbox 190 1816 374 1854; x_wconf 85' lang='lat' dir='ltr'>Menenius,</span> <span class='ocrx_word' id='word_1_269' title='bbox 396 1816 544 1847; x_wconf 86' lang='lat' dir='ltr'>tribunus</span> <span class='ocrx_word' id='word_1_270' title='bbox 567 1816 712 1845; x_wconf 85' lang='lat' dir='ltr'>militum</span> <span class='ocrx_word' id='word_1_271' title='bbox 737 1813 893 1845; x_wconf 87' lang='lat' dir='ltr'>consulari</span> <span class='ocrx_word' id='word_1_272' title='bbox 917 1813 1082 1854; x_wconf 83' lang='lat' dir='ltr'>potestate,</span> <span class='ocrx_word' id='word_1_273' title='bbox 1109 1812 1141 1849; x_wconf 93' lang='lat'>6,</span> <span class='ocrx_word' id='word_1_274' title='bbox 1168 1818 1198 1852; x_wconf 81' lang='lat'>5·</span> <span class='ocrx_word' id='word_1_275' title='bbox 1223 1811 1336 1842; x_wconf 85' lang='lat' dir='ltr'>secun-</span> 
     </span>
     <span class='ocr_line' id='line_1_40' title="bbox 180 1860 341 1895; baseline 0 -6"><span class='ocrx_word' id='word_1_276' title='bbox 180 1860 270 1892; x_wconf 88' lang='lat' dir='ltr'>dum,</span> <span class='ocrx_word' id='word_1_277' title='bbox 290 1868 341 1895; x_wconf 89' lang='lat'>27.</span> 
     </span>
    </p>

    <p class='ocr_par' dir='ltr' id='par_1_30' title="bbox 136 1897 1334 2029">
     <span class='ocr_line' id='line_1_41' title="bbox 136 1897 1334 1940; baseline -0.003 -8"><span class='ocrx_word' id='word_1_278' title='bbox 136 1902 176 1933; x_wconf 89' lang='lat' dir='ltr'>T.</span> <span class='ocrx_word' id='word_1_279' title='bbox 194 1903 380 1939; x_wconf 78' lang='lat' dir='ltr'>Menenius,</span> <span class='ocrx_word' id='word_1_280' title='bbox 404 1901 528 1939; x_wconf 84' lang='lat' dir='ltr'>consul,</span> <span class='ocrx_word' id='word_1_281' title='bbox 554 1901 639 1932; x_wconf 87' lang='lat' dir='ltr'>male</span> <span class='ocrx_word' id='word_1_282' title='bbox 662 1910 729 1932; x_wconf 91' lang='lat' dir='ltr'>rem</span> <span class='ocrx_word' id='word_1_283' title='bbox 755 1901 832 1940; x_wconf 87' lang='lat' dir='ltr'>gerit</span> <span class='ocrx_word' id='word_1_284' title='bbox 856 1899 1002 1931; x_wconf 88' lang='lat' dir='ltr'>adversus</span> <span class='ocrx_word' id='word_1_285' title='bbox 1023 1898 1159 1936; x_wconf 90' lang='lat' dir='ltr'>Tuscos,</span> <span class='ocrx_word' id='word_1_286' title='bbox 1177 1908 1209 1935; x_wconf 90' lang='lat'>2,</span> <span class='ocrx_word' id='word_1_287' title='bbox 1229 1905 1280 1938; x_wconf 80' lang='lat'>51.</span> <span class='ocrx_word' id='word_1_288' title='bbox 1303 1897 1334 1929; x_wconf 84' lang='lat' dir='ltr'>ei</span> 
     </span>
     <span class='ocr_line' id='line_1_42' title="bbox 181 1941 1333 1985; baseline -0.004 -9"><span class='ocrx_word' id='word_1_289' title='bbox 181 1946 267 1976; x_wconf 89' lang='lat' dir='ltr'>diem</span> <span class='ocrx_word' id='word_1_290' title='bbox 284 1947 396 1976; x_wconf 88' lang='lat' dir='ltr'>dicunt</span> <span class='ocrx_word' id='word_1_291' title='bbox 412 1946 530 1975; x_wconf 86' lang='lat' dir='ltr'>tribuni</span> <span class='ocrx_word' id='word_1_292' title='bbox 549 1945 662 1985; x_wconf 88' lang='lat' dir='ltr'>plebis,</span> <span class='ocrx_word' id='word_1_293' title='bbox 680 1953 731 1985; x_wconf 80' lang='lat'>52.</span> <span class='ocrx_word' id='word_1_294' title='bbox 755 1945 941 1981; x_wconf 87' lang='lat' dir='ltr'>damnatus,</span> <span class='ocrx_word' id='word_1_295' title='bbox 955 1953 1021 1974; x_wconf 90' lang='lat' dir='ltr'>non</span> <span class='ocrx_word' id='word_1_296' title='bbox 1033 1943 1091 1973; x_wconf 84' lang='lat' dir='ltr'>fert</span> <span class='ocrx_word' id='word_1_297' title='bbox 1103 1941 1333 1982; x_wconf 85' lang='lat' dir='ltr'>ignominiam,</span> 
     </span>
     <span class='ocr_line' id='line_1_43' title="bbox 180 1988 653 2029; baseline 0 -10"><span class='ocrx_word' id='word_1_298' title='bbox 180 1989 357 2029; x_wconf 89' lang='lat' dir='ltr'>morboque</span> <span class='ocrx_word' id='word_1_299' title='bbox 374 1989 562 2025; x_wconf 86' lang='lat' dir='ltr'>absumitur,</span> <span class='ocrx_word' id='word_1_300' title='bbox 581 1988 653 2019; x_wconf 82' lang='lat' dir='ltr'>ibid.</span> 
     </span>
    </p>

    <p class='ocr_par' dir='ltr' id='par_1_31' title="bbox 131 2027 1330 2113">
     <span class='ocr_line' id='line_1_44' title="bbox 131 2027 1330 2072; baseline -0.004 -9"><span class='ocrx_word' id='word_1_301' title='bbox 131 2031 298 2072; x_wconf 15' lang='lat' dir='ltr'>*Menetas,</span> <span class='ocrx_word' id='word_1_302' title='bbox 317 2033 456 2072; x_wconf 80' lang='lat' dir='ltr'>Epirota,</span> <span class='ocrx_word' id='word_1_303' title='bbox 476 2034 529 2070; x_wconf 89' lang='lat'>36,</span> <span class='ocrx_word' id='word_1_304' title='bbox 549 2034 596 2062; x_wconf 82' lang='lat'>28.</span> <span class='ocrx_word' id='word_1_305' title='bbox 613 2031 697 2061; x_wconf 75' lang='lat' dir='ltr'>&#39;eum</span> <span class='ocrx_word' id='word_1_306' title='bbox 715 2029 768 2060; x_wconf 78' lang='lat' dir='ltr'>sibi</span> <span class='ocrx_word' id='word_1_307' title='bbox 787 2030 856 2060; x_wconf 89' lang='lat' dir='ltr'>dedi</span> <span class='ocrx_word' id='word_1_308' title='bbox 874 2031 952 2070; x_wconf 87' lang='lat' dir='ltr'>petit</span> <span class='ocrx_word' id='word_1_309' title='bbox 970 2029 1028 2060; x_wconf 92' lang='grc' dir='ltr'>Μ’.</span> <span class='ocrx_word' id='word_1_310' title='bbox 1044 2028 1168 2060; x_wconf 90' lang='lat' dir='ltr'>Acilius</span> <span class='ocrx_word' id='word_1_311' title='bbox 1184 2027 1330 2067; x_wconf 89' lang='lat' dir='ltr'>Glabrio,</span> 
     </span>
     <span class='ocr_line' id='line_1_45' title="bbox 180 2075 854 2113; baseline -0.003 -7"><span class='ocrx_word' id='word_1_312' title='bbox 180 2076 303 2113; x_wconf 88' lang='lat' dir='ltr'>consul,</span> <span class='ocrx_word' id='word_1_313' title='bbox 321 2076 393 2107; x_wconf 86' lang='lat' dir='ltr'>ibid.</span> <span class='ocrx_word' id='word_1_314' title='bbox 416 2075 543 2106; x_wconf 78' lang='lat' dir='ltr'>AEtolos</span> <span class='ocrx_word' id='word_1_315' title='bbox 560 2075 713 2112; x_wconf 84' lang='lat' dir='ltr'>concitat,</span> <span class='ocrx_word' id='word_1_316' title='bbox 734 2075 786 2112; x_wconf 84' lang='lat'>38,</span> <span class='ocrx_word' id='word_1_317' title='bbox 805 2084 854 2105; x_wconf 92' lang='lat'>10.</span> 
     </span>
    </p>

    <p class='ocr_par' dir='ltr' id='par_1_32' title="bbox 137 2113 1330 2202">
     <span class='ocr_line' id='line_1_46' title="bbox 137 2113 1330 2158; baseline -0.004 -9"><span class='ocrx_word' id='word_1_318' title='bbox 137 2118 325 2158; x_wconf 84' lang='lat' dir='ltr'>Menippus,</span> <span class='ocrx_word' id='word_1_319' title='bbox 346 2120 413 2149; x_wconf 84' lang='lat' dir='ltr'>dux</span> <span class='ocrx_word' id='word_1_320' title='bbox 440 2118 591 2158; x_wconf 85' lang='lat' dir='ltr'>Philippi,</span> <span class='ocrx_word' id='word_1_321' title='bbox 611 2126 663 2156; x_wconf 88' lang='lat'>27,</span> <span class='ocrx_word' id='word_1_322' title='bbox 683 2127 733 2156; x_wconf 88' lang='lat'>32.</span> <span class='ocrx_word' id='word_1_323' title='bbox 759 2127 837 2147; x_wconf 89' lang='lat' dir='ltr'>curn</span> <span class='ocrx_word' id='word_1_324' title='bbox 864 2115 954 2147; x_wconf 91' lang='lat' dir='ltr'>mille</span> <span class='ocrx_word' id='word_1_325' title='bbox 977 2115 1115 2156; x_wconf 83' lang='lat' dir='ltr'>peltastis</span> <span class='ocrx_word' id='word_1_326' title='bbox 1137 2113 1330 2146; x_wconf 79' lang='lat' dir='ltr'>Chalcidem</span> 
     </span>
     <span class='ocr_line' id='line_1_47' title="bbox 178 2162 448 2202; baseline 0.007 -11"><span class='ocrx_word' id='word_1_327' title='bbox 178 2162 328 2199; x_wconf 85' lang='lat' dir='ltr'>mittitur,</span> <span class='ocrx_word' id='word_1_328' title='bbox 347 2164 399 2199; x_wconf 89' lang='lat'>28,</span> <span class='ocrx_word' id='word_1_329' title='bbox 418 2170 448 2202; x_wconf 80' lang='lat'>5.</span> 
     </span>
    </p>

    <p class='ocr_par' dir='ltr' id='par_1_33' title="bbox 137 2200 1330 2332">
     <span class='ocr_line' id='line_1_48' title="bbox 137 2200 1329 2246; baseline -0.004 -11"><span class='ocrx_word' id='word_1_330' title='bbox 137 2205 324 2244; x_wconf 87' lang='lat' dir='ltr'>Menippus,</span> <span class='ocrx_word' id='word_1_331' title='bbox 339 2205 462 2246; x_wconf 87' lang='lat' dir='ltr'>legatus</span> <span class='ocrx_word' id='word_1_332' title='bbox 477 2205 631 2236; x_wconf 87' lang='lat' dir='ltr'>Antiochi</span> <span class='ocrx_word' id='word_1_333' title='bbox 645 2205 684 2235; x_wconf 88' lang='lat' dir='ltr'>ad</span> <span class='ocrx_word' id='word_1_334' title='bbox 701 2204 880 2241; x_wconf 86' lang='lat' dir='ltr'>Romanos,</span> <span class='ocrx_word' id='word_1_335' title='bbox 898 2213 953 2244; x_wconf 89' lang='lat'>34,</span> <span class='ocrx_word' id='word_1_336' title='bbox 970 2211 1022 2243; x_wconf 79' lang='lat'>57.</span> <span class='ocrx_word' id='word_1_337' title='bbox 1046 2202 1114 2241; x_wconf 77' lang='lat' dir='ltr'>ejus</span> <span class='ocrx_word' id='word_1_338' title='bbox 1127 2202 1239 2239; x_wconf 83' lang='lat' dir='ltr'>oratio,</span> <span class='ocrx_word' id='word_1_339' title='bbox 1258 2200 1329 2231; x_wconf 78' lang='lat' dir='ltr'>ibid.</span> 
     </span>
     <span class='ocr_line' id='line_1_49' title="bbox 181 2245 1330 2320; baseline -0.003 -41"><span class='ocrx_word' id='word_1_340' title='bbox 181 2249 319 2320; x_wconf 52' lang='lat' dir='ltr'>mlittitur</span> <span class='ocrx_word' id='word_1_341' title='bbox 332 2250 370 2279; x_wconf 80' lang='lat' dir='ltr'>ad</span> <span class='ocrx_word' id='word_1_342' title='bbox 388 2249 526 2287; x_wconf 85' lang='lat' dir='ltr'>AEtolos,</span> <span class='ocrx_word' id='word_1_343' title='bbox 544 2249 628 2289; x_wconf 87' lang='lat' dir='ltr'>apud</span> <span class='ocrx_word' id='word_1_344' title='bbox 645 2258 725 2288; x_wconf 87' lang='lat' dir='ltr'>quos</span> <span class='ocrx_word' id='word_1_345' title='bbox 742 2249 821 2278; x_wconf 88' lang='lat' dir='ltr'>vires</span> <span class='ocrx_word' id='word_1_346' title='bbox 838 2248 995 2278; x_wconf 83' lang='lat' dir='ltr'>Antiochi</span> <span class='ocrx_word' id='word_1_347' title='bbox 1012 2247 1045 2278; x_wconf 87' lang='lat' dir='ltr'>in</span> <span class='ocrx_word' id='word_1_348' title='bbox 1062 2245 1259 2277; x_wconf 86' lang='lat' dir='ltr'>immensum</span> <span class='ocrx_word' id='word_1_349' title='bbox 1275 2254 1330 2275; x_wconf 86' lang='lat' dir='ltr'>ex-</span> 
     </span>
     <span class='ocr_line' id='line_1_50' title="bbox 179 2291 415 2332; baseline 0.004 -11"><span class='ocrx_word' id='word_1_350' title='bbox 179 2297 213 2321; x_wconf 83' lang='lat' dir='ltr'>to</span> <span class='ocrx_word' id='word_1_351' title='bbox 228 2291 275 2329; x_wconf 86' lang='lat' dir='ltr'>lit,</span> <span class='ocrx_word' id='word_1_352' title='bbox 293 2300 345 2332; x_wconf 84' lang='lat'>35,</span> <span class='ocrx_word' id='word_1_353' title='bbox 366 2302 415 2331; x_wconf 87' lang='lat'>32.</span> 
     </span>
    </p>

    <p class='ocr_par' dir='ltr' id='par_1_34' title="bbox 138 2334 680 2374">
     <span class='ocr_line' id='line_1_51' title="bbox 138 2334 680 2374; baseline 0.002 -10"><span class='ocrx_word' id='word_1_354' title='bbox 138 2334 265 2372; x_wconf 87' lang='lat' dir='ltr'>Menix,</span> <span class='ocrx_word' id='word_1_355' title='bbox 283 2335 398 2373; x_wconf 82' lang='lat' dir='ltr'>insula,</span> <span class='ocrx_word' id='word_1_356' title='bbox 416 2337 543 2368; x_wconf 78' lang='lat' dir='ltr'>vastata,</span> <span class='ocrx_word' id='word_1_357' title='bbox 559 2346 611 2373; x_wconf 84' lang='lat'>22,</span> <span class='ocrx_word' id='word_1_358' title='bbox 629 2345 680 2374; x_wconf 86' lang='lat'>3¹·</span> 
     </span>
    </p>

    <p class='ocr_par' dir='ltr' id='par_1_35' title="bbox 138 2377 939 2419">
     <span class='ocr_line' id='line_1_52' title="bbox 138 2377 939 2419; baseline 0 -10"><span class='ocrx_word' id='word_1_359' title='bbox 138 2378 238 2409; x_wconf 87' lang='lat' dir='ltr'>Meno</span> <span class='ocrx_word' id='word_1_360' title='bbox 253 2378 492 2419; x_wconf 74' lang='lat' dir='ltr'>Antigonensis,</span> <span class='ocrx_word' id='word_1_361' title='bbox 507 2378 670 2419; x_wconf 66' lang='lat' dir='ltr'>praefee‘tus</span> <span class='ocrx_word' id='word_1_362' title='bbox 686 2377 798 2415; x_wconf 86' lang='lat' dir='ltr'>Persei,</span> <span class='ocrx_word' id='word_1_363' title='bbox 813 2386 868 2417; x_wconf 79' lang='lat'>42,</span> <span class='ocrx_word' id='word_1_364' title='bbox 887 2377 939 2418; x_wconf 88' lang='lat'>58.</span> 
     </span>
    </p>
   </div>
   <div class='ocr_carea' id='block_1_3' title="bbox 697 2421 765 2461">
    <p class='ocr_par' dir='ltr' id='par_1_36' title="bbox 697 2421 765 2461">
     <span class='ocr_line' id='line_1_53' title="bbox 697 2421 765 2461; baseline 0 0"><span class='ocrx_word' id='word_1_365' title='bbox 697 2421 765 2461; x_wconf 80' lang='grc' dir='ltr'>Η5</span> 
     </span>
    </p>
   </div>
  </div>
 </body>
</html>
