1572 2616
579 157 864 187 PRAEFATIO.
1043 155 1048 158 ”
1261 155 1308 185 11

127 247 277 285 tarchus
299 247 478 294 scribunt)
500 246 536 282 in
558 246 648 282 duas
666 251 788 295 partes
806 243 989 294 populum
1007 244 1223 282 universum
1240 243 1314 281 dis-

121 313 260 349 tribuit.
317 312 420 348 Nam
452 311 513 359 qui
543 322 694 359 genere,
720 309 866 358 opibuS,
897 309 1077 358 potentia,
1098 309 1315 346 auctoritate

119 376 326 425 plurimum
343 374 502 424 possent,
521 386 725 422 rerumque
740 374 925 422 gestarum
938 372 1055 421 gloria
1073 372 1315 416 excellerent,

120 450 184 475 eos
202 438 387 475 senatores
416 437 616 480 constituit,
634 443 673 473 et
702 437 842 479 Patres,
864 435 1015 471 honoris
1039 441 1151 483 atque
1169 436 1314 471 virtutis

121 502 241 547 causa,
262 502 461 551 appellavit
479 516 487 537 :
515 500 679 548 reliquos
698 511 786 547 vero
806 500 869 547 qui
894 499 1004 535 rebus
1025 499 1200 535 omnibus
1220 498 1317 535 infe-

119 567 233 602 riores
252 565 383 609 effent,
413 572 579 614 egentes,
599 572 636 600 et
666 550 810 612 inopes,
830 563 996 612 plebeios
1013 577 1021 599 :
1053 563 1136 599 illos
1155 574 1314 611 rempu-

120 627 259 664 blicam
286 629 552 672 administrare,
579 628 811 676 magistratus
839 639 981 677 gerere,
1013 626 1186 675 auspicia,
1215 625 1316 662 sacra

120 692 246 728 obire:
279 691 362 736 hos,
384 703 490 741 agros
520 692 655 734 colere,
675 698 714 727 et
746 691 959 740 quaestuofis
992 691 1132 728 artibus
1162 701 1316 738 operam

120 757 230 793 dare:
263 757 345 793 illos
362 763 552 805 patronos,
574 755 641 791 hos
662 754 816 793 clientes
836 756 910 793 effe
928 755 1060 793 voluit.
1090 756 1216 792 Variae
1231 755 1317 792 sunt

120 828 294 857 veterum
313 821 516 869 opiniones,
536 831 651 867 quare
677 819 802 855 Patres
830 819 952 867 primo
971 818 1160 856 Romulus
1188 819 1318 869 appel·

120 884 216 920 larit.
273 884 376 920 Nam
394 884 455 920 alii
479 886 539 933 (ut
560 884 687 920 Livius
721 890 759 919 et
787 881 1024 927 Plutarchus)
1050 884 1150 931 quod
1170 890 1317 933 patrem

122 949 221 985 ciere
236 947 392 997 poffent.
427 949 551 984 Patres
569 947 685 984 dictos
699 948 928 984 existimant:
953 946 1013 982 alii
1030 959 1117 983 vero
1136 949 1317 997 (quoium

122 1012 316 1049 sententiae
337 1011 708 1060 acceditDionyfius)
727 1012 827 1060 quod
848 1017 956 1047 aetate
973 1018 1011 1047 et
1030 1012 1174 1060 generis
1193 1012 1316 1060 splen—

123 1076 214 1112 dore
229 1076 371 1112 caeteris
390 1075 672 1112 antecellerent.
700 1075 751 1111 Et
767 1075 805 1111 hi
831 1074 998 1122 quidem,
1018 1087 1101 1110 mea
1121 1074 1319 1119 sententia,

123 1138 333 1176 firmiorem
349 1145 495 1187 partem
516 1138 620 1186 sequi
640 1139 831 1175 videntur:
859 1151 943 1186 quae
963 1145 1089 1174 tamen
1107 1151 1180 1182 res,
1199 1150 1319 1187 quum

123 1215 257 1251 pamm
276 1203 459 1239 momenti
487 1201 635 1246 habeat,
654 1201 744 1238 facit
762 1213 810 1238 ne
838 1201 949 1238 nimis
969 1201 1167 1251 diligenter
1195 1202 1320 1250 inqui-

126 1267 240 1303 renda
261 1266 334 1303 effe
355 1266 535 1302 videatur.
593 1265 837 1314 Perspicuum
856 1267 956 1301 enim
974 1266 1039 1308 est,
1059 1266 1200 1302 etiamsi
1212 1267 1320 1303 causa

124 1330 331 1379 ignoretur,
371 1330 585 1378 constatque
619 1330 715 1365 inter
752 1341 896 1372 omnes,
935 1336 1089 1366 centum
1119 1330 1318 1373 senatores,

125 1406 220 1443 quos
249 1394 434 1430 Romulus
458 1393 624 1442 primum
643 1393 783 1441 publici
813 1392 952 1428 consilii
987 1394 1094 1430 causa
1119 1394 1321 1441 constituit,

125 1464 262 1508 patreS‚
284 1470 495 1505 eorumque
516 1457 737 1506 progeniem
759 1457 931 1493 Patricios
960 1456 1032 1493 esse
1051 1458 1179 1495 dictos.
1229 1459 1318 1496 Qua

127 1523 166 1558 in
187 1534 242 1565 re,
259 1523 285 1559 fi
305 1534 348 1558 ea
367 1534 451 1570 quae
472 1521 509 1556 in
524 1527 695 1557 veterum
715 1521 973 1557 monumentis
986 1521 1176 1559 veriffimis
1192 1522 1318 1559 certis·

127 1585 301 1634 simisque
321 1584 538 1622 testimoniis
558 1584 603 1620 ad
623 1584 838 1632 posteritatis
868 1586 1088 1621 memoriam
1109 1586 1320 1636 consignata

126 1648 224 1693 sunt,
244 1650 430 1698 explicare
456 1656 567 1697 atque
595 1657 771 1686 excutere
799 1649 972 1692 velimus,
992 1649 1319 1697 deprehendemus

128 1715 271 1763 origine
290 1715 468 1762 primum,
489 1713 622 1748 deinde
639 1714 872 1761 cooptatione
892 1713 1064 1761 patricios
1082 1714 1163 1749 fieri
1184 1715 1318 1753 solitos.
1378 1751 1385 1759 ,

129 1778 296 1826 Origine,
315 1779 378 1825 qni
398 1789 417 1813 a
439 1783 594 1813 centum
616 1777 769 1813 Romuli
788 1777 1018 1813 senatoribus
1046 1777 1228 1826 originem
1248 1779 1318 1815 du-

129 1848 292 1885 cunt‚ut
323 1842 436 1883 Junii,
466 1841 620 1884 Valerii,
648 1841 760 1882 Fabii,
793 1841 839 1877 de
873 1842 1004 1889 quibus
1032 1840 1113 1889 jam
1143 1844 1318 1882 diximus,

130 1905 377 1954 Cooptatione
406 1912 545 1947 autem,
573 1905 635 1952 qui
664 1904 723 1940 vcl
743 1917 761 1940 a
782 1905 925 1941 caeteris
953 1906 1116 1953 regibus,
1135 1907 1194 1942 vel
1216 1907 1320 1944 sena-

129 1969 372 2014 tusconsulto,
390 1969 449 2005 vel
470 1969 552 2017 lege
573 1968 618 2003 ad
638 1968 821 2017 populum
842 1968 928 2011 lata,
961 1969 995 2004 in
1018 1970 1189 2007 ordinem
1209 1973 1320 2020 patri-

130 2034 275 2070 ciorum
307 2033 467 2082 cooptati
492 2033 589 2069 sunt.
646 2032 798 2068 Etenim
829 2045 848 2068 a
879 2032 1060 2080 Pompilio
1081 2045 1166 2082 rege
1187 2035 1320 2072 Numa

131 2096 300 2133 Marcius
327 2095 460 2133 ascitus
489 2097 526 2132 in
556 2096 796 2144 patriciorum
825 2108 1028 2132 numerum
1046 2097 1122 2133 est:
1154 2105 1192 2133 et
1210 2099 1317 2144 Julii,

134 2159 342 2204 Quinctilii,
375 2160 531 2204 Servilii,
563 2160 733 2209 Geganii,
765 2160 936 2202 Curiatii,
956 2173 976 2195 a
994 2160 1109 2196 Tullo
1135 2161 1317 2201 Hostilio:

131 2235 153 2258 a
184 2223 261 2259 Ser.
280 2223 419 2266 Tullio,
441 2224 595 2260 Octavii.
653 2223 975 2259 Senatusconsulto
1004 2224 1116 2260 etiam
1147 2227 1320 2273 patricio-

133 2298 219 2322 rum
237 2288 514 2335 cooptationem
533 2287 613 2324 fieri
634 2286 791 2328 solitam,
818 2288 913 2322 testis
946 2287 997 2323 est
1029 2299 1119 2335 gens
1149 2289 1319 2338 Claudia,

129 2362 249 2398 quam
267 2363 287 2388 a
306 2350 448 2395 senatu,
468 2364 587 2400 quum
604 2365 652 2390 ex
678 2353 818 2390 Sabinis
839 2352 876 2387 in
890 2353 1025 2388 urbem
1045 2354 1242 2402 migrass'et,
1264 2359 1318 2394 in-
