1572 2616
186 113 242 166 64
532 121 695 154 INDEX
730 123 783 154 IN
818 124 862 154 T.
890 126 1021 156 mvn

184 205 244 236 Cn.
262 203 429 236 Cornelius
446 204 553 244 Scipio
571 205 744 245 Hispallus,
764 212 886 245 praetor,
904 206 1028 236 sortitur
1046 203 1297 244 jurisdifitionem
1313 206 1362 236 in-

183 259 186 262 *
228 256 273 278 ter
297 249 488 288 peregrinos,
509 258 565 287 40,
581 258 633 288 44.
657 249 782 285 consul,
798 260 852 288 41,
874 251 922 279 18.
948 250 980 279 in
1009 250 1191 289 magistratu
1215 250 1362 286 moritur,

229 301 280 322 20.

185 335 219 364 L.
233 334 398 365 Cornelius
415 334 592 371 CaudinuS,
609 334 709 364 aedilis
723 335 853 373 curulis,
873 343 925 371 27,
946 345 997 365 21.

184 378 219 408 L.
236 378 401 408 Cornelius
422 377 601 414 Dolabella,
629 379 782 407 duumxir
806 379 939 416 navalis,
965 388 1019 417 40,
1035 388 1090 417 42.
1113 376 1178 408 vid.
1204 384 1231 407 er
1255 386 1311 418 41,
1331 384 1361 418 5.

226 422 390 450 contentio
407 420 473 457 ejus
490 430 565 449 cum
581 431 620 459 ρ(
617 421 731 450 nnfice
748 423 903 458 maximo,
920 433 974 461 40,
988 432 1041 461 42.

183 464 217 494 L.
235 464 401 494 Cornelius
427 463 591 499 Lentulus,
613 464 735 499 consul,
762 465 973 501 Samnitibus,
998 465 1017 493 li
1043 474 1105 503 qua
1133 464 1161 493 se
1184 469 1362 500 moverent,

225 507 400 546 oppositus,
415 507 446 542 8,
463 517 514 536 22.
538 507 835 537 dicitcomitiorum
860 509 963 537 cauda
986 508 1169 536 difflatorem
1195 508 1227 535 in
1244 507 1361 542 eastris,

226 560 277 589 ²3·
301 551 408 580 suadet
431 550 470 579 ad
495 549 668 587 Caudium,
691 559 723 580 ut
752 560 770 580 a
793 551 906 580 Pontio
928 551 1019 580 ‹1161ae
1047 551 1128 589 leges
1152 550 1362 589 accipiantur,

227 602 260 632 9²
277 603 308 632 4·

182 637 217 666 L.
233 636 399 666 Cornelius
416 635 582 672 Lentulus,
601 636 743 675 pontifex
760 637 934 672 maximus,
952 635 1109 676 populum
1126 635 1361 666 consulendum

226 680 330 709 censet
346 680 384 708 de
398 688 469 709 vere
486 680 585 716 laem,
602 689 654 715 22,
674 689 720 709 ιο.
738 680 883 715 moritur,
902 688 954 719 25,
968 690 996 709 2.

181 723 217 753 L.
232 722 398 753 Corneiius
418 722 584 759 Lentulus,
601 722 760 752 decemvir
780 723 939 753 sacrorum
964 729 1098 758 creatur,
1123 731 1175 760 25,
1195 731 1224 752 2.
1248 727 1363 761 praetor

225 766 348 796 sortitur
361 766 554 802 Sardiniam,
570 774 623 804 41.
649 766 783 804 legatus,
802 774 853 802 27,
871 775 917 805 ¹4·
939 767 1083 801 moritur,
1096 774 1150 804 42,
1169 774 1217 795 10.

180 809 216 838 L.
233 808 399 839 Cornelius
426 808 591 845 Lentulus,
621 808 778 847 Scipionis
801 810 832 837 in
860 809 1012 847 Hispania
1035 809 1199 841 successor,
1225 808 1277 843 28,
1305 808 1358 845 38.

223 851 290 890 ejus
315 861 361 881 res
378 852 482 889 gestae,
502 862 553 889 29,
570 861 597 882 2.
615 858 646 880 et
663 861 692 889 3.
716 851 816 881 aedilis
832 852 951 881 curulis
973 851 1083 881 absens
1099 859 1234 886 creatur,
1251 851 1362 879 absens

222 895 302 934 gerit
316 895 485 929 honorem,
506 903 557 932 29,
578 904 624 924 ιι.
642 895 667 923 ei
686 902 869 933 prorogatur
885 895 1056 933 imperium
1075 895 1106 923 in
1126 893 1290 932 Hispania,
1309 903 1359 931 13.

222 948 262 967 ex
282 938 434 976 Hispania
459 938 568 973 redux,
591 938 667 976 petit
693 939 909 975 triumphum,
938 947 991 976 31,
1013 947 1061 968 20.
1095 947 1131 966 ex
1162 935 1362 966 senatuscon-

222 981 304 1011 fulto
327 990 428 1010 ovans
453 981 563 1010 urbem
586 981 770 1019 ingreditur,
796 980 867 1010 ibid.
886 988 1008 1010 creatur
1031 979 1155 1016 consul,
1171 989 1223 1019 49.
1246 979 1313 1009 vid.
1334 985 1362 1008 et

247 1034 263 1055 2
320 1046 327 1053 .
345 1025 374 1054 8.
390 1031 420 1052 et
457 1046 464 1052 .

178 1068 213 1098 L.
225 1031 400 1097 3Cdrr71elius
415 1035 570 1097 L9entulus
587 1066 725 1096 Romam
751 1066 900 1103 mittitur,
921 1066 1060 1096 nuncius
1083 1065 1219 1095 vietoriae
1235 1066 1273 1094 de
1289 1065 1360 1095 Pcr-

222 1110 285 1146 seo,
301 1119 356 1150 442
374 1116 427 1149 45·
451 1118 506 1149 45,
528 1119 554 1139 ¹·

179 1154 214 1183 L.
232 1153 398 1183 Cornelius
416 1152 660 1190 Maluginensis,
682 1151 806 1188 consul,
831 1161 863 1190 3,
882 1162 934 1182 22.
952 1152 1019 1189 ejus
1045 1161 1091 1181 res
1116 1153 1222 1190 gestae,
1237 1150 1308 1180 ibid.
1333 1157 1361 1180 et

221 1206 274 1235 223,
293 1205 345 1234 24.
362 1202 468 1226 tuetur
484 1195 624 1228 caussam
639 1195 908 1231 decemvirorum,
925 1196 955 1224 in
973 1195 1090 1234 quibus
1102 1195 1195 1225 frater
1211 1194 1266 1233 ipsi
1281 1201 1359 1231 erat,

222 1237 276 1277 40.

179 1283 213 1313 1..
229 1281 396 1313 Cornelius
424 1280 559 1318 Merula,
577 1287 703 1320 praetor,
722 1290 774 1318 32,
795 1287 822 1315 7.
850 1281 972 1310 sortitur
991 1280 1241 1319 jurisdibtionem
1267 1280 1362 1310 urba·

221 1335 312 1362 nam,
329 1326 361 1361 8,
380 1326 430 1355 26.
457 1324 602 1353 triumvir
629 1323 765 1353 colomae
787 1324 996 1360 deducendae,
1014 1333 1068 1362 34,
1085 1332 1138 1363 45.
1163 1322 1286 1357 consul,
1303 1331 1355 1362 54.

221 1369 344 1398 inducit
360 1367 537 1397 exercitum
555 1369 585 1395 in
605 1368 753 1396 Boiorum
771 1376 897 1405 agrum,
919 1374 971 1405 35,
986 1377 1017 1407 4.
1039 1376 1093 1396 eos
1110 1367 1211 1396 vincit
1232 1366 1357 1405 proelio,

222 1418 250 1451 5.
285 1410 419 1450 postulat
446 1410 712 1449 supplicationem
739 1415 770 1439 ct
797 1410 1014 1449 triumphum,
1036 1411 1066 1440 8.
1089 1409 1170 1439 nihil
1198 1410 1360 1448 impetrat,

219 1454 290 1486 ibid.

177 1499 211 1528 L.
226 1497 392 1529 Cornelius
410 1497 528 1535 Scipio,
547 1496 695 1533 interrex,
715 1503 744 1532 7,
766 1506 815 1528 21.
840 1495 962 1532 consul,
982 1504 1034 1534 23.

177 1543 212 1572 L.
229 1540 395 1571 Cornelius
418 1540 537 1579 ScipiO,
556 1538 679 1576 consul,
695 1545 725 1568 et
745 1540 812 1577 ejus
835 1549 880 1568 res
897 1541 1004 1577 gestae,
1026 1547 1075 1575 10,
1098 1548 1145 1568 11.
1171 1537 1235 1568 vid.
1257 1544 1285 1567 et
1301 1544 1355 1578 25,

221 1585 273 1615 26.

177 1628 211 1659 L.
228 1625 394 1657 Cornelius
411 1625 531 1664 Scipio,
547 1625 639 1654 frater
653 1623 686 1653 P.
702 1623 840 1654 Cornelii
855 1624 1023 1663 Scipionis,
1040 1629 1203 1663 oppugnat
1223 1630 1254 1653 et
1270 1624 1357 1662 capit

217 1668 491 1709 opulentiffimam
516 1667 625 1696 urbem
648 1668 794 1706 Oringin,
811 1668 862 1703 28,
878 1677 906 1705 3.
932 1667 1071 1696 nuncius
1094 1675 1227 1706 receptae
1242 1666 1358 1706 Hispa-

217 1713 280 1743 niae
294 1712 432 1742 Romam
450 1720 467 1740 a
483 1712 575 1740 fratre
588 1710 737 1747 mittitur,
751 1719 781 1748 4.
799 1716 826 1738 et
843 1717 890 1746 17.
913 1709 978 1739 vid.
997 1717 1024 1739 et
1038 1719 1091 1749 30,
1110 1711 1161 1749 38.

259 1762 383 1786 creatur
398 1762 523 1793 praetor,
541 1763 593 1792 34,
614 1761 665 1792 54.
690 1753 815 1783 sortitur
828 1753 986 1791 Siciliam,
1004 1760 1054 1793 55.

260 1798 383 1832 consul,
401 1799 454 1836 36,
470 1806 524 1837 45.

259 1843 288 1872 ei
308 1841 433 1871 Giaecia
458 1840 596 1875 decreta,
621 1846 673 1878 37,
694 1849 719 1869 1.
744 1837 912 1878 paludatus
935 1838 974 1869 ab
991 1838 1068 1869 urbe
1087 1838 1304 1878 proficiscitur,
1321 1849 1353 1878 4.

216 1885 245 1914 ei
267 1885 400 1913 nomina
422 1885 499 1912 dant
522 1883 562 1912 ad
585 1883 728 1921 quinque
745 1881 847 1912 millia
870 1882 1134 1918 voluntariorum,
1151 1881 1220 1912 ibid.
1238 1883 1355 1921 accipit

215 1928 394 1957 exercitum
413 1926 471 1955 M'.
484 1925 578 1955 Acilii
592 1925 786 1961 Glabrionis,
804 1932 830 1961 7.
845 1925 886 1961 ei,
903 1934 956 1964 per
971 1925 1198 1955 Macedoniam
1211 1931 1241 1955 et
1252 1925 1355 1954 Thra-

216 1971 301 2001 ciam
318 1970 419 2004 eunti,
436 1970 547 1998 omnia
564 1974 651 2005 parat
668 1966 845 2007 Philippus,
865 1968 936 1998 ibid.
953 1968 1068 2006 trajicit
1091 1967 1352 2007 Hellespontum,

218 2023 269 2052 33.
293 2012 444 2042 sacrificat
461 2011 510 2040 llii
530 2011 696 2045 Minervae,
716 2018 767 2049 37.
796 2012 895 2049 pergit
911 2011 949 2040 ad
973 2011 1188 2046 Antiochum,
1210 2011 1260 2047 38.
1284 2011 1352 2047 ejus

216 2057 312 2091 acies,
331 2065 380 2095 39.
405 2054 510 2083 fundit
524 2061 554 2083 et
568 2054 655 2092 sugat
668 2054 883 2088 Antiochum,
900 2062 952 2092 43.
970 2054 1053 2092 capit
1070 2054 1137 2090 ejus
1153 2053 1261 2085 castra,
1279 2052 1353 2083 ibid.

217 2107 330 2138 pacem
354 2100 406 2126 dat
422 2096 599 2133 Antiocho,
622 2105 675 2136 45.
700 2095 767 2125 vult
791 2096 820 2125 se
836 2095 986 2135 appellari
1005 2095 1195 2132 Asiaticum,
1221 2095 1272 2135 58.
1300 2096 1353 2125 tri-

216 2142 368 2179 umphat,
406 2148 438 2178 9.

258 2149 414 2213 diffuadg't
428 2182 530 2221 legem
551 2181 590 2211 de
606 2181 743 2220 pecunia
759 2181 838 2219 regis
853 2180 1020 2217 Antiochi,
1036 2181 1086 2218 38,
1104 2188 1154 2220 54.
1178 2180 1351 2212 damnatur

214 2226 394 2265 peculatus,
413 2232 463 2265 55.
487 2223 554 2262 ejus
578 2225 678 2254 statua
695 2230 783 2253 extra
806 2229 930 2262 portam
956 2223 1133 2262 Capenam,
1154 2225 1204 2263 56.
1220 2224 1352 2262 jubetur

215 2270 247 2299 in
272 2277 431 2298 carcerem
457 2267 544 2305 d-uci,
570 2268 621 2307 58.
652 2266 831 2298 defenditur
856 2275 875 2297 a
903 2266 1031 2306 Nasica,
1057 2265 1129 2297 ibid.
1158 2267 1306 2298 liberatur
1333 2276 1358 2298 a

215 2311 380 2350 Graccho,
399 2311 450 2341 60.
