1572 2616
395 173 764 202 HISTORIARUM
802 173 1011 201 LIBROS.
1226 175 1300 217 191

111 252 258 283 Pontifex
276 253 441 283 maximus
465 253 597 283 comitia
621 253 719 283 habet
744 253 776 282 in
793 252 967 290 Aventino,
985 251 1190 284 tribunorum
1207 254 1308 294 plebis

155 296 366 325 creandorum
383 295 500 332 caussa,
518 305 550 334 3,
569 304 619 336 54.

111 354 155 360 —
171 347 189 367 a
205 339 296 368 saeris
313 339 456 368 recedere
473 345 557 368 vetat
573 338 756 374 flaminem,
772 346 824 376 37,
841 347 893 378 51.

110 396 153 402 —
170 390 210 410 ne
227 390 244 410 a
262 382 352 411 iactis
373 381 450 411 absit
466 381 541 421 ipse,
558 381 706 411 concedit
722 381 854 421 collegae
875 380 1074 421 provinciam
1091 382 1235 412 Africam
1252 392 1310 413 ex-

157 431 203 454 tra
219 424 346 460 sortem,
367 425 419 460 28,
437 425 487 463 38.
511 432 540 454 et
557 434 610 464 44.

110 482 154 489 -
169 467 250 496 intra
267 476 368 497 annos
393 475 526 497 centurn
549 476 586 497 ac
603 467 715 506 viginti
730 475 840 505 nemo,
859 467 914 506 qui
938 476 1004 496 non
1027 467 1147 498 sedisset
1163 467 1236 498 sella
1251 477 1308 499 cu-

154 509 228 546 ruli,
247 516 300 548 25,
319 519 348 549 5.

111 567 154 574 —
169 552 343 590 eligebatur
358 562 375 581 a
391 552 526 591 popule,
544 559 597 592 25,
615 559 645 592 5.

112 595 257 625 Pontifex
277 595 426 634 publicus
444 596 553 634 populi
571 595 710 626 Romani
728 597 820 636 prae'i‘t
834 595 943 633 verba,
960 595 1078 635 quibus
1093 596 1123 626 se
1138 595 1172 628 P.
1188 596 1310 627 Decius

159 638 324 674 devoveat,
339 640 371 675 8,
391 649 420 679 9.
443 638 510 668 viil.
528 645 555 667 et
574 648 624 675 10,
643 639 695 668 28.

112 679 282 711 Pontifices
299 689 435 720 quatuor
451 681 489 711 de
506 681 597 720 plebe
612 680 738 719 adleffi,
757 690 808 718 10,
827 682 858 711 6.
873 688 903 711 et
920 692 950 722 9.

113 739 157 746 --
172 724 292 753 habent
304 724 358 762 jus
375 731 456 763 togae
473 730 647 763 praetextae,
667 733 720 762 33,
737 734 790 764 42.

112 765 306 796 Pontificum
332 767 506 806 collegium
532 767 570 797 de
594 766 745 806 religione
768 766 957 803 consulitur,
982 772 1013 796 et
1036 767 1189 804 decernit,
1208 777 1259 805 22,
1277 778 1327 809 9.-

163 818 215 847 309
234 820 264 841 2·
281 819 333 848 3¹⁵
350 819 379 848 9·
407 819 459 848 32²
482 819 509 839 Ῐ·
536 819 588 850 39,
609 818 637 849 5·

116 852 310 882 Pontificum
335 854 572 888 commentarii,
589 862 621 891 4,
641 863 671 891 3.
696 854 727 889 6,
748 863 775 882 1.
793 862 810 882 a
826 852 1036 882 Pontificibus
1051 852 1220 891 suppressa,
1238 862 1311 892 quae

163 895 201 924 ad
220 895 404 935 religionem
424 896 637 935 pertinebant,
656 898 688 933 6,
707 906 733 925 i.
759 897 844 925 etad
860 894 952 924 civile
965 895 1032 932 jus,
1049 905 1080 933 9,
1097 898 1150 935 46.

118 946 134 966 :i
152 938 360 968 Pontificibus
383 945 414 968 et
437 939 610 977 auguribus
633 939 804 976 tributum,
820 938 906 977 quod
923 947 976 977 per
992 938 1115 968 bellurn
1144 948 1209 969 non
1233 948 1314 969 coris

162 980 310 1017 tulerant,
325 981 473 1020 exigitur,
493 991 544 1020 33,
561 992 614 1020 42.

116 1023 286 1054 Pontifices
303 1026 454 1061 minores,
474 1034 525 1060 22,
544 1032 596 1063 57.

120 1066 326 1097 l'oritificium
339 1067 406 1104 jus,
423 1077 478 1105 40,
496 1077 547 1105 29.

117 1109 168 1139 Ti.
185 1110 384 1147 Pontificius,
401 1110 548 1140 tribunus
564 1109 677 1149 plebis,
696 1108 804 1139 aufflor
818 1109 896 1148 legis
912 1110 1053 1148 agrariae,
1074 1119 1105 1146 2,
1122 1120 1176 1149 44.

121 1152 252 1182 Pontius
268 1153 451 1189 Cominius,
469 1153 626 1182 incubans
645 1153 768 1189 cortici,
785 1153 923 1182 secundo
938 1153 1045 1182 Tiberi
1069 1154 1107 1182 ad
1131 1154 1244 1183 urbem
1261 1154 1314 1183 de-

160 1195 271 1232 fertur,
289 1202 318 1226 et
336 1196 367 1225 in
385 1195 596 1234 Capitolium,
613 1195 770 1225 obsessum
788 1205 805 1225 a
822 1195 936 1232 Gallis,
952 1196 1070 1233 evadit,
1090 1204 1121 1236 5,
1139 1197 1191 1236 46.

122 1238 158 1268 C.
176 1238 319 1275 Pontius,
349 1239 502 1268 Herennii
530 1239 628 1276 filius,
657 1239 828 1277 imperator
857 1239 1068 1274 Samnitium,
1088 1251 1119 1278 9,
1148 1249 1174 1269 1.
1191 1249 1258 1276 ejus
1275 1240 1313 1269 ad

163 1282 324 1311 Samnites
336 1283 450 1319 oratio,
461 1281 532 1312 ibid.
542 1283 652 1312 fraude
668 1283 751 1320 capit
765 1281 804 1310 ad
817 1281 966 1311 Furculas
977 1282 1138 1312 Caudinas
1152 1282 1317 1312 Romano-

165 1333 235 1354 rum
252 1325 442 1361 exercitum,
455 1335 484 1355 2.
502 1324 622 1366 etseqq.
635 1324 703 1362 ejus
719 1324 758 1354 ad
773 1324 892 1363 legatos
907 1325 1128 1354 Romanorum
1144 1325 1312 1364 responsio,

163 1377 195 1405 4.
214 1374 245 1396 et
261 1368 298 1397 ad
317 1367 464 1397 fecialem
483 1368 669 1397 Romanurn
687 1369 800 1403 oratio,
824 1376 871 1397 ir.
888 1368 920 1396 in
936 1367 1126 1406 quibusdam
1143 1368 1315 1398 annalibus

165 1416 278 1448 captus
294 1419 312 1439 a
329 1410 483 1440 Romanis
499 1417 527 1439 et
544 1410 599 1439 sub
612 1410 730 1448 jugum
749 1410 858 1439 mifl'us
874 1409 933 1439 effe
949 1417 1157 1447 memoratur,
1180 1420 1228 1450 ¹5·

123 1452 159 1482 C.
178 1452 343 1491 Popillius,
361 1462 471 1492 eques,
488 1454 541 1483 cui
558 1453 685 1482 Sabello
702 1462 836 1489 nornen,
851 1452 980 1491 ejusque
1004 1453 1155 1483 fortitudo
1172 1453 1314 1493 insignis,

167 1505 222 1534 41,
239 1497 268 1525 8.

124 1538 160 1568 C.
177 1537 330 1577 Popillius
347 1538 458 1569 Laenas
469 1546 593 1568 creatur
611 1544 737 1578 praetor,
750 1548 806 1578 41,
823 1548 874 1570 22.
896 1537 1018 1574 consul,
1035 1549 1090 1578 42,
1108 1547 1138 1576 9.
1154 1538 1222 1576 ejus
1238 1549 1317 1569 con-

170 1582 327 1611 tentiones
343 1591 420 1611 cum
438 1582 544 1612 senatu
564 1591 619 1621 pro
635 1582 740 1619 fratre,
761 1591 809 1611 10.
826 1588 856 1611 et
874 1591 926 1614 21-
943 1581 1022 1610 nihil
1041 1581 1249 1611 memorabile
1265 1592 1317 1620 ge-

169 1625 221 1662 rit,
241 1626 290 1654 26.
318 1624 401 1654 male
418 1625 574 1664 excipitur
590 1625 716 1660 Romae,
735 1625 787 1655 28.
801 1624 921 1663 legatus
940 1625 1078 1653 mittitur
1094 1625 1124 1653 in
1143 1624 1317 1661 Graeciam,

169 1677 224 1707 43,
245 1677 292 1708 19.
306 1675 336 1697 et
354 1677 405 1706 24.
422 1669 460 1697 ad
479 1667 678 1697 Antiochum
695 1673 726 1697 et
742 1667 968 1703 Ptolemaeum,
983 1677 1037 1706 44,
1049 1676 1106 1704 ·i9.
1130 1667 1251 1697 Delum
1266 1678 1319 1698 ve—

170 1711 232 1747 nit,
257 1721 308 1750 29.
331 1710 399 1748 ejus
423 1711 455 1740 in
479 1710 622 1740 Rhodios
645 1709 803 1749 asperitas,
820 1718 875 1749 45,
897 1720 945 1740 10.
977 1711 1112 1739 occurrit
1138 1711 1316 1746 Antiocho,

168 1752 398 1782 Alexandriam
421 1755 524 1789 eunti,
551 1763 600 1783 12.
632 1753 865 1783 circumscribit
896 1753 1096 1782 Antiochum
1122 1754 1221 1792 virga,
1246 1753 1319 1784 ibid.

171 1796 250 1825 redit
274 1795 424 1832 Romam,
450 1806 498 1834 13.

129 1838 177 1868 M.
195 1838 360 1877 Popillius,
377 1838 499 1877 legatus
517 1839 555 1867 ad
572 1837 698 1867 AEtolos
716 1838 836 1875 missus,
853 1847 908 1876 4¹,
927 1847 978 1875 30.

129 1881 178 1911 M.
194 1881 346 1920 Popillius
362 1881 474 1911 Laenas
489 1882 598 1911 consul
614 1887 747 1913 creatur,
767 1888 796 1916 7,
816 1890 865 1910 12.
887 1881 1038 1909 Tiburtes
1053 1881 1091 1910 ad
1116 1881 1239 1910 moenia
1255 1882 1320 1912 Ro-

171 1932 233 1953 mae
248 1925 361 1960 vincit,
379 1923 450 1954 ibid.
474 1925 607 1953 damnat
623 1924 783 1952 Licinium
801 1923 967 1953 Stolonem
988 1923 1098 1953 ‹lecein
1119 1923 1261 1954 millibus
1277 1934 1319 1954 ae—

172 1967 225 2003 ris,
247 1969 295 1996 16.
319 1967 496 1996 secundum
513 1966 636 2002 consul,
657 1974 705 2002 ¹7·
722 1967 851 1995 tertium
867 1965 991 2001 eontul,
1009 1975 1056 2003 23.
1082 1966 1192 1996 Gallos
1207 1969 1318 2003 vincit,

171 2009 222 2039 sed
235 2009 419 2046 difficulter,
436 2009 507 2039 ibid.
520 2009 714 2045 vulneratur,
735 2018 784 2047 24.
803 2009 994 2047 triumphat,
1011 2017 1061 2047 25.
1078 2017 1230 2048 quartum
1242 2019 1320 2040 con-

172 2051 232 2089 sul,
253 2054 301 2083 26.

132 2093 179 2124 M.
198 2095 363 2134 Popillius,
381 2095 503 2131 consul,
521 2106 551 2135 9,
572 2105 623 2125 21.

133 2137 181 2167 M.
199 2137 351 2176 Popillius
368 2139 492 2173 Laenas,
510 2138 657 2167 triumvir
671 2137 806 2167 coloniae
820 2136 1030 2173 deducenda»,
1046 2146 1100 2175 40,
1113 2147 1167 2175 43.
1192 2143 1319 2176 praetor,

173 2190 228 2218 41,
250 2182 296 2209 18.
315 2181 342 2210 ei
360 2181 536 2210 obveniunt
554 2181 694 2219 Ligures,
715 2191 761 2219 ¹9-
777 2179 902 2215 consul,
923 2189 971 2217 33.
990 2180 1089 2208 vincit
1108 2181 1247 2217 Ligures,
1264 2190 1319 2220 42,

176 2230 204 2259 7.
222 2224 328 2252 vendit
346 2223 484 2261 Ligures,
497 2233 576 2261 quos
591 2224 716 2253 senatus
727 2223 819 2260 jubet
836 2222 960 2256 redimi,
974 2225 1002 2252 8.
1017 2224 1224 2252 contumacia
1240 2223 1322 2260 ejus,

175 2275 204 2303 9.
223 2275 288 2295 non
305 2265 398 2295 audet
410 2266 447 2295 ad
457 2266 598 2296 caussam
614 2267 783 2296 dicendam
802 2266 910 2294 reverti
927 2265 1079 2299 Romani,
1097 2265 1320 2302 22.jutlicium

158 2308 244 2345 .ejus
260 2308 363 2337 fallaci
381 2316 446 2338 arte
463 2309 613 2343 eluditur,
638 2309 710 2337 ibid.
727 2309 873 2337 tribunus
891 2308 1033 2337 rnilitum
1049 2308 1186 2346 icquitur
1202 2308 1321 2349 Philip—

175 2361 254 2390 pum
270 2350 434 2380 consulem
453 2352 483 2380 in
502 2351 745 2385 Macedoniam.
759 2361 815 2391 44,
834 2361 859 2380 1.

131 2394 166 2424 P.
185 2393 347 2433 Popillius,
366 2393 486 2431 legatus
502 2394 540 2422 ad
559 2404 662 2433 regem
681 2395 875 2433 Syphacem,
893 2400 946 2430 27,
959 2401 990 2430 4.

138 2438 172 2468 P.
186 2436 336 2476 Popillius
351 2437 476 2474 Laenas,
491 2437 637 2467 triumvir
649 2436 784 2466 coloniae
800 2436 1008 2471 deducendae,
1026 2444 1080 2474 40,
1095 2443 1149 2473 43.
