1572 2616
449 164 819 195 HISTORIARUM
846 164 1051 194 LIBROS.
1258 162 1340 205 271

157 242 253 285 Virgo
267 244 398 277 Vestalis
413 245 523 276 incesti
538 245 703 282 damnata,
719 244 785 276 vid.
800 243 944 275 Vestalis.

157 288 265 319 Virilis
282 296 364 327 toga,
380 288 434 327 26,
453 298 504 329 19.

157 331 294 368 Virtute,
311 340 377 362 non
390 331 476 369 dolo,
492 331 637 371 superare
649 331 765 368 hostes,
778 330 952 370 pulchrum
966 328 1128 360 ducebant
1142 328 1283 359 Romani
1293 339 1348 360 ve·

202 380 291 408 teres,
307 384 363 412 42,
379 383 432 412 47.

159 415 293 446 Virtutis
315 424 346 446 et
372 417 510 447 Honoris
532 417 615 446 aedes
638 422 722 446 votae
746 425 766 445 a
790 415 837 445 M.
855 415 1024 453 Marcello,
1043 420 1076 445 et
1097 414 1277 453 exstructae,
1295 423 1348 453 27,

203 467 254 499 25.
277 469 296 489 a
310 459 377 489 filio
392 459 460 497 ejus
475 459 620 490 dedicata
634 458 880 495 Virtutis'aedes,
898 469 952 499 29,
974 467 1024 489 11.

158 502 328 532 Visceratio
351 501 472 542 populo
487 502 560 532 data
575 512 594 533 a
610 503 658 533 M.
676 501 785 532 Flavio
802 502 835 531 in
849 502 959 532 funere
982 500 1102 535 matris,
1120 502 1152 539 8,
1170 511 1221 534 22.
1238 500 1304 531 vid.
1322 507 1350 530 et

204 554 257 584 39,
273 546 326 584 46·
350 555 405 584 41,
422 554 472 584 33-

158 587 251 617 Visus
267 587 428 623 noRurni,
448 598 479 624 2,
495 588 546 625 36.
572 589 602 621 8,
617 588 648 618 6.

159 629 301 666 Vitellia,
315 631 485 669 oppidum,
503 640 535 666 2,
555 639 605 668 39.
632 637 662 670 5,
681 641 732 670 29.

157 673 320 704 Vitruvius
332 673 472 709 Vaccus,
485 673 672 710 Fundanus,
681 675 780 704 vastat
794 673 942 704 Setinum
954 673 1212 712 Norbanumque
1225 681 1350 712 agrum,

200 717 234 753 8,
255 725 305 755 19.
329 716 363 745 in
378 717 565 755 potestatem
581 717 668 746 venit
683 716 920 753 Romanorum,
937 726 989 747 20.
1012 716 1180 746 asservatur
1194 717 1229 746 in
1245 725 1353 746 caree-

200 768 246 796 re,
263 758 334 789 ibid.
356 759 536 788 verberatus
562 766 706 795 necatur,
723 759 794 790 ibid.
817 760 900 790 aedes
923 759 992 797 ejus
1015 759 1197 796 diruuntur,
1213 765 1246 789 et
1265 759 1352 789 bona

201 801 334 831 Semoni
351 802 456 831 Sanco
472 802 707 835 consecrantur,
726 802 798 832 ibid.

159 843 367 882 vitulusjam
384 844 464 874 {etus
478 854 496 874 e
512 845 661 875 manibus
677 844 926 875 sacrificantium
948 844 1010 875 sese
1032 845 1203 884 proripuit,
1219 843 1353 875 multos-

203 896 265 925 que
281 888 521 917 circumstantes
537 897 648 918 cruore
664 887 815 927 respersit,
833 897 888 925 21,
907 889 936 918 6.

158 929 380 963 Ultrotributa‚
399 939 450 968 39,
470 939 524 968 44.
547 940 602 969 43,
624 932 673 961 18.

159 971 296 1012 Ulyffes,
317 982 345 1010 1,
360 981 414 1011 49.
436 972 476 1002 ab
497 982 535 1002 eo
557 979 588 1003 et
612 972 702 1004 Circe
722 973 793 1004 Dea
818 973 973 1004 oriundus
991 972 1143 1004 oetavius
1168 971 1353 1011 Mamilius,

205 1015 278 1044 ibid.

160 1057 351 1088 Umbilicus
366 1058 450 1089 orbis
464 1065 617 1089 terrarum
632 1059 765 1099 Delphi,
780 1058 846 1089 vid.
861 1058 993 1099 Delphi.

160 1100 366 1131 Umbilicum
382 1102 516 1131 Graeciae
532 1102 679 1133 incolunt
694 1102 809 1140 AEtoli,
829 1110 880 1142 35,
901 1104 950 1133 18.

162 1143 286 1180 Umbo,
304 1155 338 1184 9,
353 1154 407 1183 4¹·
433 1153 486 1183 30,
503 1154 555 1184 34.

161 1186 291 1222 Umbri,
308 1187 432 1226 populi,
452 1196 483 1227 5,
501 1195 552 1227 35.
577 1199 609 1227 9,
629 1194 679 1226 37.
704 1197 778 1226 agro
802 1187 882 1227 pulsi
896 1197 914 1217 a
930 1188 1028 1224 Boiis,
1045 1196 1076 1227 5,
1096 1194 1147 1227 35.
1170 1195 1284 1217 eorum
1299 1194 1356 1216 ex-

202 1231 320 1260 ercitus
342 1231 498 1266 funditur,
516 1241 550 1270 9,
568 1240 619 1270 39.
643 1230 808 1264 deficiunt,
825 1239 879 1270 41.
901 1231 930 1260 se
950 1238 1190 1270 oppugnaturos
1212 1230 1356 1259 Romam

198 1271 334 1310 jafitant‚
363 1273 434 1302 ibid.
472 1273 659 1303 adoriuntur
689 1273 867 1309 Romanos,
896 1275 1085 1308 vincuntur,
1113 1280 1144 1303 et
1170 1272 1356 1303 defectionis

203 1315 347 1345 auetores
362 1316 535 1353 deduntur,
551 1315 623 1347 ibid.
646 1317 819 1346 instaurant
834 1316 970 1354 bellum,
982 1316 1086 1354 junc'ti
1104 1325 1183 1346 cum
1204 1315 1355 1352 Etruscis,

201 1357 418 1395 Samnitibus,
437 1358 552 1396 Gallis,
572 1368 622 1395 10,
641 1368 692 1390 21.
708 1359 774 1389 vid.
792 1366 820 1388 et
835 1367 887 1397 27.

161 1400 311 1437 Umbria,
332 1411 380 1433 10,
401 1411 428 1432 ι.
455 1411 508 1439 22,
527 1412 557 1441 9.
583 1409 704 1440 27,43.

162 1443 308 1473 Umbriae
324 1453 406 1483 pars,
424 1443 516 1483 plaga
534 1444 702 1482 Materina,
719 1456 751 1483 9,
765 1454 819 1483 41.
842 1444 942 1475 tribus
958 1444 1123 1484 Sappinia,
1142 1454 1194 1483 31,
1214 1453 1243 1474 2.

162 1486 354 1517 Unciarium
371 1487 485 1520 foenus,
499 1494 530 1524 7,
548 1489 597 1518 16.
621 1497 660 1518 ex
674 1488 817 1518 unciario
833 1488 1084 1519 semunciarium
1099 1489 1204 1518 foenus
1216 1485 1350 1523 saelum,

206 1537 257 1567 27.

161 1571 360 1610 Unimanus,
377 1572 443 1602 vid.
457 1573 621 1605 Claudius.

160 1615 312 1645 Vocanus
328 1624 401 1654 ager
418 1617 450 1645 in
466 1617 586 1652 Africa,
604 1625 657 1654 33,
674 1617 728 1655 48.

162 1657 205 1688 Q.
222 1659 386 1688 Voconius
409 1659 506 1696 Saxa,
532 1659 680 1689 tribunus
704 1658 818 1699 plebis,
842 1658 949 1699 legem
970 1659 1029 1690 fert
1052 1660 1090 1689 de
1114 1657 1355 1689 haereditatibus

205 1700 392 1738 mulierum,
409 1711 465 1740 41,
485 1710 536 1740 34.

162 1742 326 1780 Vocontii,
346 1753 398 1780 21,
417 1753 468 1782 31.

160 1784 265 1822 Volae,
282 1785 356 1815 urbs
372 1786 567 1825 AEquorum,
583 1796 617 1825 4,
634 1796 688 1827 49.
711 1786 824 1817 eadem
840 1796 913 1826 quae
930 1787 1030 1824 Bolae,
1049 1787 1080 1824 6,
1098 1796 1128 1817 2.

162 1837 242 1858 cum
258 1828 391 1858 Volanis
407 1828 543 1866 bellum,
560 1839 594 1868 4,
610 1839 665 1868 49.

163 1870 307 1901 Volanus
320 1880 404 1909 ager,
420 1881 452 1910 4,
472 1879 523 1911 5¹·

163 1913 204 1942 ad
221 1913 397 1943 Volaterras
413 1922 489 1943 cum
508 1913 643 1944 Etruscis
658 1913 778 1944 incerta
792 1913 922 1943 viftoria
939 1919 1132 1952 pugnaturn,
1154 1923 1206 1951 10,
1224 1922 1276 1944 12.

160 1955 358 1986 Volaterrani
376 1957 588 1986 interamenta
603 1957 738 1987 navium
755 1963 786 1987 et
802 1957 1003 1987 frumentum
1026 1956 1218 1996 pollicentur
1233 1956 1357 1996 Scipio-

206 1999 254 2035 ni,
273 2001 326 2035 28,
341 2008 393 2038 45.

162 2040 285 2078 Volcae,
304 2051 356 2077 21,
377 2043 427 2071 26.

163 2083 334 2114 Volcentes
351 2084 390 2114 ab
406 2083 566 2114 Annibale
581 2084 735 2114 deficiunt
752 2084 790 2114 ad
808 2084 984 2122 Romanos,
1002 2093 1055 2122 27,
1075 2093 1127 2124 ¹5·

163 2125 280 2156 Volero
296 2126 464 2163 Publilius,
480 2126 546 2156 vid.
562 2127 731 2157 Publilius.

164 2167 337 2198 Volerones
353 2169 392 2198 ab
409 2170 470 2208 Ap.
487 2169 621 2199 Claudio
638 2169 754 2199 tribuni
774 2169 874 2208 plebis
891 2169 1007 2206 vocati,
1026 2179 1058 2205 2,
1075 2178 1126 2209 57.

165 2210 315 2244 Volones‚
338 2211 370 2240 id
392 2213 447 2248 est,
470 2211 544 2242 servi
571 2213 602 2241 in
629 2211 779 2241 militiam
802 2212 983 2251 conscripti,
1001 2222 1054 2248 22,
1074 2219 1124 2251 57.
1151 2220 1203 2249 23,
1221 2221 1272 2249 32.
1297 2221 1351 2251 245

212 2262 262 2283 11.
284 2253 463 2284 libertatem
489 2255 592 2284 tacitis
614 2256 695 2284 votis
719 2254 932 2293 expostulant,
960 2264 1012 2293 24,
1041 2264 1087 2293 14.
1112 2255 1149 2284 iis
1173 2253 1352 2284 libertatem

209 2296 367 2334 promittit
376 2296 428 2325 Ti.
445 2297 623 2334 Gracchus,
641 2298 844 2327 referentibus
860 2298 966 2336 capita
981 2297 1134 2333 hostium,
1152 2296 1223 2326 ibid.
1247 2297 1353 2336 capita

210 2338 349 2368 hostium
375 2337 580 2376 abscindunt,
595 2349 667 2379 quae
691 2340 826 2377 abjicere
843 2339 1009 2377 jubentur,
1029 2347 1077 2379 15.
1102 2340 1138 2369 iis
1153 2339 1246 2370 datur
1260 2339 1354 2369 liber-

210 2386 270 2418 tas,
296 2381 344 2411 16.
372 2381 527 2420 segniores
551 2392 590 2412 ex
613 2383 649 2413 iis
674 2389 838 2419 notantur,
864 2382 935 2413 ibid.
969 2383 1140 2413 Beneventi
1164 2383 1198 2412 in
1223 2380 1353 2421 publico
