1572 2616
239 174 317 230 158
658 189 999 217 ROMANORUM

235 308 295 338 Μ’.
313 309 475 340 CURIUS
492 309 551 341 Μ’.
570 310 602 341 F.
621 310 679 341 Μ’.
697 311 741 342 N.
754 310 1004 341 DENTATUS.
1049 310 1213 340 Tribunus
1237 310 1349 350 plebis,
1372 320 1429 340 an·

234 361 279 381 no
293 362 369 392 454.
416 353 527 383 Cicero
550 354 581 383 in
607 354 717 384 Bruto.
763 354 882 384 Consul
907 364 984 384 cum
1009 354 1042 383 P.
1060 353 1220 388 Cornelio,
1244 364 1330 384 anno
1352 356 1427 393 463.

234 394 445 426 Caffiodorus.
479 396 648 436 Eutropius
665 397 746 426 libro
763 398 793 427 ii.
830 397 944 427 Cicero
961 398 992 426 in
1010 397 1143 426 Catone.
1190 397 1379 427 Plutarchus
1396 397 1430 425 in

235 437 420 468 Censorino.
456 439 600 469 Valerius
617 439 671 470 lib.
690 440 731 470 iv.
747 449 821 479 cap.‹
836 450 866 478 3.
900 440 1022 470 Plinius
1039 439 1120 469 libro
1135 449 1188 468 xv.
1206 449 1278 478 cap.
1294 449 1323 479 5.
1361 439 1432 470 Bel-

233 480 307 510 lum
334 482 551 511 Samniticum
576 482 683 521 geffit:
709 493 843 512 omnem
868 492 943 512 eum
970 482 1120 518 trafflum,
1138 492 1201 521 qua
1224 483 1291 512 Nar
1313 483 1429 519 ambit,

233 524 399 563 fontesque
416 524 534 561 Velini,
550 526 713 555 Adriatico
729 533 822 555 tenus
839 526 931 562 mari,
945 526 1017 564 igne
1032 526 1175 563 ferroque
1191 526 1332 555 vastavit.
1359 526 1433 555 Qua

233 567 366 597 vietor-ia
382 575 510 598 tantum
526 578 688 607 agrorum,
706 575 835 599 tantum
859 569 1033 598 hominum
1053 567 1216 597 redafium
1241 568 1273 597 in
1297 570 1433 607 potesta-

233 616 314 646 tem,
333 617 368 640 ut
385 612 415 640 in
434 618 504 640 utro
521 611 591 650 plus
608 611 693 646 esset,
712 621 751 641 ne
768 612 830 651 ipse
847 612 978 650 quidem
996 611 1094 650 posset
1117 611 1295 640 existimare
1311 611 1367 650 qui
1385 612 1432 641 vi-

234 661 332 684 cerat.
375 654 424 683 De
442 654 654 691 Samnitibus,
667 654 807 690 Sabinis,
825 655 963 685 Lucanis
981 654 1202 692 triumphavit.
1248 653 1358 683 Florus
1374 653 1430 684 lib.

234 695 281 726 iii.
297 705 367 735 cap.
390 706 438 736 15·
486 697 657 736 Eutropius
672 697 821 727 secundo.
858 697 985 727 Orosius
1002 696 1057 727 lib.
1074 697 1118 725 iii,
1135 705 1207 734 cap„
1226 706 1275 736 19.
1314 696 1433 726 Censor

232 747 311 770 eum
341 740 373 770 L.
403 740 538 779 Papirio,
555 749 641 769 anno
666 741 742 779 464.
788 739 906 770 Consul
933 750 974 776 rr,
999 749 1076 769 curn
1100 739 1135 768 L.
1158 738 1319 776 Cornelio,
1345 749 1432 769 anno

233 784 310 820 478.
335 782 483 822 Epitonre
500 784 565 812 xiv.
588 782 733 813 Valerius
751 783 805 813 lib.
823 783 864 813 vi.
881 792 953 821 cap.
968 792 998 821 3.
1022 782 1134 812 Cicero
1151 791 1207 820 pro
1225 782 1384 820 Muraena,
1401 789 1434 813 et

234 825 269 854 in
286 826 419 855 Catone.
464 826 582 856 Contra
601 826 754 865 l’yrrhurn
773 826 894 862 missus,
911 835 988 855 cum
1005 835 1042 855 eo
1059 825 1228 864 pugnavit,
1247 826 1432 855 exercitum

231 868 302 906 ejus
324 869 453 906 cecidit,
471 869 575 908 ipsum
590 869 731 899 Tarento
747 870 879 908 fugavit,
896 869 994 898 castra
1010 869 1106 907 cepit,
1125 867 1164 896 de
1181 876 1251 905 rege
1267 867 1384 907 Pyrrho
1401 873 1434 898 et

232 912 435 942 Samnitibus
461 922 502 948 rr,
532 912 755 951 triumphavit.
802 912 992 942 Plutarchus
1021 911 1053 940 in
1084 911 1216 949 Pyrrho.
1260 910 1431 950 Eutropius

230 955 267 985 ii.
297 954 423 998 'Florus
439 954 521 984 libro
539 955 562 986 i.
578 964 652 995 cap.
674 956 722 986 18.
769 954 886 985 Consul
906 963 965 991 rrr,
983 963 1061 984 cum
1084 954 1151 984 Ser.
1169 953 1329 991 Cornelio,
1344 963 1433 984 anno

231 1007 310 1038 479.
334 998 547 1029 Caffiodorus.

235 1084 273 1113 C.
292 1083 520 1114 FABRICIUS
543 1084 579 1115 C.
595 1085 630 1114 F.
647 1085 684 1115 C.
701 1084 744 1114 N.
761 1083 987 1114 LUSCINUS.
1033 1082 1151 1113 Consul
1174 1093 1250 1113 cum
1270 1082 1312 1113 Q.
1328 1083 1433 1113 Aimi-

233 1126 292 1162 lio,
308 1136 395 1157 anno
411 1136 486 1166 47¹·
512 1127 720 1157 Caffiodorus.
754 1128 866 1157 Cicero
883 1127 914 1155 in
930 1125 1039 1156 Laelio.
1067 1127 1116 1156 De
1135 1126 1270 1156 Etruscis
1286 1131 1317 1155 et
1332 1125 1433 1156 Gallis

235 1170 460 1209 triumphavit.
490 1170 607 1199 Consul
625 1180 668 1207 rr,
685 1180 761 1200 cum
781 1170 821 1199 Q.
839 1169 985 1205 Aimili0‚
1002 1178 1089 1198 anno
1105 1176 1180 1208 475.
1210 1168 1337 1198 Bellum
1353 1178 1433 1199 cum

235 1213 356 1252 Pyrrho
372 1212 471 1252 geffit.
506 1213 556 1242 Ad
571 1223 669 1251 quem
687 1222 789 1252 quum
808 1212 914 1252 Pyrrhi
933 1212 1078 1241 medicus
1095 1211 1187 1241 noete
1203 1210 1344 1246 veniffet,
1362 1221 1433 1250 pro·

235 1257 368 1285 mittens
392 1265 516 1285 veneno
536 1256 691 1295 Pyrrhum
717 1255 910 1291 occisurum,
928 1254 1072 1284 vinfiurn
1089 1264 1165 1284 eum
1191 1254 1308 1294 Pyrrho
1323 1254 1431 1284 reduci

230 1297 330 1336 juffit.
376 1299 460 1329 Cum
479 1299 607 1329 Bruttiis
623 1306 653 1328 et
671 1299 808 1328 Lucanis
825 1298 966 1337 prospere
983 1297 1150 1336 pugnavit,
1167 1297 1205 1326 de
1220 1296 1270 1334 iis,
1284 1296 1432 1327 Tarenti-

235 1342 286 1372 nis
302 1348 332 1371 et
350 1342 549 1372 Samnitibus
569 1352 609 1377 ιι,
627 1342 849 1381 triumphavit.
896 1341 1044 1379 Epitome
1061 1340 1128 1370 xiii.
1168 1339 1336 1377 Eutropius
1352 1338 1432 1369 libro

235 1384 271 1414 ii.
319 1385 428 1414 Florus
444 1384 499 1414 lib.
517 1385 537 1414 i.
554 1394 623 1423 cap.
646 1386 694 1415 18.
734 1385 844 1414 Cicero
861 1384 893 1412 in
910 1384 1019 1418 Bruto,
1038 1383 1068 1412 in
1087 1383 1222 1417 Catone,
1239 1382 1432 1412 Officiorum

235 1427 340 1457 tertie.
374 1427 496 1457 Gellius
511 1427 567 1457 lib.
586 1429 628 1457 iii.
646 1437 715 1465 cap.
735 1429 765 1457 8.
794 1427 982 1457 Plutarchus
999 1426 1030 1455 in
1049 1426 1177 1465 Pyrrho.
1208 1425 1357 1463 Virgilius
1373 1425 1432 1455 [Ε-

236 1471 312 1500 neid
329 1470 383 1500 lib.
401 1471 442 1500 vi.
468 1471 622 1500 Meminit
642 1470 781 1500 Valerius
805 1470 860 1499 lib.
877 1470 917 1499 iv.
942 1478 1011 1507 cap.
1031 1478 1059 1506 3.
1077 1475 1106 1497 et
1122 1477 1154 1506 4.
1201 1467 1264 1497 Ubi
1283 1468 1432 1497 mendose

237 1514 395 1543 Luscitius
413 1523 466 1552 pro
484 1513 650 1543 Luscinius
666 1513 816 1552 scriptum
834 1513 888 1542 est.
934 1512 1024 1541 Idem
1041 1511 1096 1540 lib.
1113 1511 1155 1540 vi.
1173 1519 1243 1549 cap.
1261 1517 1290 1550 5.
1314 1510 1432 1540 Censor

237 1565 316 1586 cum
333 1556 373 1586 Q.
384 1556 529 1593 Aimilio,
543 1566 630 1586 anno
642 1557 716 1594 478.
742 1556 864 1585 Gellius
877 1554 933 1584 lib.
948 1555 1024 1584 xvii.
1048 1553 1191 1583 Valerius
1204 1552 1259 1583 lib.
1272 1553 1303 1583 ii.
1317 1562 1432 1592 cap.4.

236 1641 294 1671 TI.
311 1641 628 1672 CORUNCANIUS
653 1641 708 1670 TI.
728 1641 761 1670 F.
777 1641 834 1670 TI.
851 1640 894 1670 N.
932 1649 1068 1669 prunus
1097 1647 1273 1669 PONTH’EX
1302 1647 1394 1668 MAx.
1412 1648 1430 1668 s

240 1694 347 1714 PLEBE
373 1694 546 1714 cnm-rus.
596 1685 744 1723 Epitome
767 1684 854 1712 xviii.
900 1683 1011 1712 Cicero
1035 1692 1090 1722 pro
1114 1683 1232 1711 domo:
1258 1681 1296 1710 de
1320 1689 1434 1711 natura

237 1727 382 1757 Deorum
401 1730 522 1767 primo:
542 1728 580 1757 de
596 1727 731 1764 Legibus
749 1726 897 1755 secundo.
922 1725 1038 1755 Consul
1054 1735 1129 1755 cum
1146 1725 1177 1754 P.
1192 1723 1329 1759 Valerio,
1346 1733 1433 1753 anno

239 1779 315 1808 473.
347 1770 556 1800 Caffiodorus.
587 1771 636 1800 De
651 1769 901 1799 Vulsiniensibus
916 1769 1137 1807 triumphavit.
1168 1767 1284 1797 Censor
1300 1775 1377 1796 cum
1395 1766 1432 1796 C.

240 1813 387 1847 Claudim
404 1823 489 1842 anno
506 1815 580 1852 424.
604 1812 746 1842 Dfflator
762 1813 968 1841 comitiorum
985 1811 1207 1840 habendorum
1224 1809 1329 1844 causa,
1346 1818 1433 1838 anno

241 1863 315 1894 507.
363 1856 513 1886 Meminit
531 1857 642 1885 Cicero
659 1856 690 1884 in
710 1855 819 1888 Bruto,
836 1854 874 1883 de
891 1855 1021 1883 Oratore
1038 1854 1139 1882 tertie.
1180 1851 1379 1890 Pomponius
1394 1851 1432 1881 de

241 1898 473 1936 Originejuris.
520 1899 671 1929 Meminit
697 1905 846 1936 praeterea
863 1896 898 1925 C.
913 1905 943 1926 ct
959 1897 994 1925 L.
1011 1896 1301 1929 Coruncaniorum,
1318 1894 1372 1932 qui
1390 1893 1434 1923 le-

241 1949 305 1980 gati
329 1941 528 1971 nd'seucam
554 1942 733 1980 lllyriorum
760 1940 904 1977 reginam
927 1939 1007 1968 misti
1026 1939 1110 1968 sunt.
1155 1937 1304 1976 Polybius
1329 1936 1383 1966 lib.
1401 1937 1432 1967 ii.

242 1992 273 2012 et
291 1984 449 2013 minorem
467 1991 543 2014 natu
562 1994 579 2014 a
595 1985 701 2021 regina
717 1983 856 2011 occisum
874 1982 962 2010 refert
981 1994 987 2010 :
1013 1991 1092 2020 quos
1116 1987 1223 2010 tamen
1241 1978 1360 2009 Plinius
1377 1978 1434 2009 lib.

243 2028 354 2056 xxxiv.
382 2036 451 2065 cap.
471 2028 500 2058 6.
548 2027 728 2057 {Humum
752 2032 782 2053 et
806 2025 855 2054 Τί.
881 2025 1121 2053 Coruncanium
1154 2022 1313 2057 nominat,
1338 2028 1433 2060 atque

243 2069 356 2098 ambos
374 2079 391 2098 a
408 2070 512 2107 regina
530 2069 721 2102 interfe&0<‚
741 2068 855 2096 statuas
873 2067 932 2096 illis
952 2067 982 2095 in
1001 2067 1066 2096 foro
1084 2066 1281 2104 tripedaneas
1306 2065 1433 2093 statutas

244 2112 370 2141 scribit:
395 2122 491 2149 quem
516 2113 640 2142 secutus
664 2112 787 2140 vnit-tur
813 2111 921 2138 rioms
946 2109 999 2138 lib.
1017 2109 1047 2138 ii.
1073 2117 1143 2148 cap.
1162 2118 1192 2149 5.
1237 2107 1349 2137 Praetex
1374 2108 1432 2137 hos

245 2154 376 2185 nullum
390 2155 475 2194 apud
491 2163 607 2186 veteres
621 2153 861 2186 Coruncanium
877 2152 1006 2192 reperire
1024 2152 1107 2181 licet.
