1572 2616
256 166 341 210 266
601 179 765 209 mot-:x
799 181 855 210 IN
889 181 934 210 T.
959 183 1090 212 mvn

253 257 427 295 Verutum‚
444 256 559 295 telum,
577 259 608 295 8,
629 260 678 289 18.
706 269 756 298 10,
775 269 825 301 29.
851 270 902 299 21,
921 262 974 302 56.

253 300 408 338 Vescelia,
425 301 580 340 oppidum
599 301 774 342 Hispaniae,
791 311 994 344 expugnatur
1008 304 1049 336 ab
1074 304 1121 336 M.
1138 304 1252 336 Fulvio
1267 305 1444 344 Nobiliore,

300 350 354 383 35>
371 353 421 375 22·

252 386 378 423 Vescia,
395 386 469 458 uibus
483 386 664 425 Ausonum,
684 389 715 425 8,
736 398 786 419 11.
800 397 832 427 9,
851 398 867 420 2
873 396 905 430 5.
927 390 1015 421 venit
1030 390 1064 421 in
1079 392 1265 431 potestatem
1281 391 1444 422 Romano-

299 439 386 467 rum,
404 441 413 458 1
435 441 444 457 1
469 451 476 458 .

253 472 393 510 Vestini,
412 482 462 509 10,
481 481 532 502 20.

253 515 409 546 Vescinus
424 525 509 554 ager,
531 525 582 553 10,
600 525 651 546 21.
667 522 697 546 et
713 525 765 555 31.

253 574 297 581 -—
312 557 421 593 saltus,
443 568 492 595 10,
512 566 564 589 21.

253 600 388 638 Veseris,
407 602 440 640 8,
459 602 487 630 8.
517 611 567 638 10,
587 603 638 632 28.

252 643 430 683 Vesparum
446 645 557 682 ingens
573 653 712 674 examen
727 644 846 685 Capuae
862 645 896 676 in
918 645 1024 677 sorum
1046 646 1220 685 advolavit,
1237 654 1269 678 et
1285 647 1319 678 in
1334 647 1447 678 Martis

297 687 366 717 aede
378 687 531 724 consedit,
544 687 610 717 vid.
628 688 821 727 Prodigium.

254 729 360 766 Vesta,
382 740 410 766 1,
427 740 478 761 20.
494 736 522 760 et
539 737 589 770 52.
613 731 715 760 Vestae
731 731 839 761 aeterni
858 733 958 770 ignes,
974 731 1044 762 ibid.
1062 739 1089 761 et
1105 733 1158 770 26,
1172 741 1224 770 27.

253 772 356 803 Vestae
372 772 520 813 pulvinar
543 774 575 802 in
599 773 798 811 leetisternio,
812 785 865 811 22,
886 785 933 805 10.
959 775 1027 813 ejus
1049 776 1132 805 aedes
1155 776 1194 805 ab
1219 775 1368 806 incendio
1384 775 1447 805 ser-

296 823 371 846 vata
392 825 487 856 opera
508 816 680 853 servorum,
699 818 752 852 26,
769 826 821 854 27.
846 818 878 847 in
894 817 971 848 aedis
994 817 1146 857 penetrali
1169 818 1337 849 conditum
1351 817 1447 848 fatale

296 860 413 898 pignus
427 860 549 898 imperii
567 859 720 896 Romani,
734 859 807 889 ibid.

251 900 356 933 Vestae
383 901 552 942 penetralis
582 903 664 941 ignis
689 902 875 940 exstinctus,
904 904 959 941 28,
986 913 1035 933 11.
1059 913 1115 943 41,
1143 912 1172 934 2.
1195 903 1385 944 supplicatio
1406 903 1448 934 ad

296 945 413 981 Vestae,
431 946 484 981 28,
503 955 551 974 11.

253 988 386 1018 Vestalis
402 988 492 1018 Rhea
506 987 618 1024 Silvia,
634 993 736 1018 mater
751 987 896 1025 Romuli,
916 998 946 1024 1,
965 998 994 1027 3.
1012 995 1043 1019 et
1058 998 1090 1028 4.

220 1065 224 1067 Ἴ
253 1030 392 1061 Vestales
408 1032 542 1070 virgines
558 1040 577 1060 a
591 1030 705 1060 Numa
727 1031 885 1070 Pompilio
902 1031 1004 1068 leem,
1021 1042 1049 1068 1,
1068 1042 1120 1063 20.
1145 1032 1181 1062 iis
1197 1032 1388 1072 stipendium
1406 1031 1448 1061 de

297 1074 428 1113 publico
458 1075 626 1111 statutum,
653 1073 724 1104 ibid.
748 1075 928 1113 virginitate
952 1074 1083 1115 aliisque
1109 1075 1303 1105 caerimoniis
1330 1074 1446 1104 sanetae

296 1116 401 1153 fa&ae,
419 1116 492 1148 ibid.

254 1159 399 1190 Vestales
422 1160 558 1200 virgines
583 1160 731 1199 sacraque
759 1160 792 1189 in
817 1159 991 1198 plaustrum
1018 1160 1156 1199 imponit
1179 1160 1214 1190 L.
1231 1159 1393 1196 Albinius,
1417 1164 1449 1189 et

299 1203 389 1233 Caere
404 1203 560 1242 pervehit,
578 1212 609 1242 5,
626 1212 678 1241 40.

253 1245 431 1276 Vestalium
447 1245 624 1285 hospitium
640 1255 658 1275 a
674 1244 842 1274 Caeritibus
858 1243 997 1283 religiose
1013 1243 1154 1281 cultum,
1175 1251 1204 1281 7,
1222 1254 1273 1275 20.

252 1288 386 1319 Vestalis
402 1289 489 1327 virgo
513 1288 650 1318 incestus
674 1297 726 1317 rea
747 1285 929 1323 absolvitur,
952 1287 1002 1316 sed
1023 1287 1154 1325 jubetur
1177 1288 1330 1317 abstinere
1350 1286 1448 1325 jocis,

296 1331 423 1371 colique
439 1330 543 1361 sanete
560 1331 678 1370 potiuS,
695 1340 794 1369 quam
814 1330 901 1363 scite,
914 1340 948 1369 4,
965 1338 1018 1368 44.

254 1374 387 1404 Vestalis
403 1374 504 1413 virgo,
522 1373 630 1403 incesti
647 1379 824 1412 comperta,
839 1373 912 1402 viva
928 1372 1099 1409 defoditur,
1115 1373 1147 1408 8,
1170 1378 1219 1412 15.
1245 1383 1298 1409 22,
1317 1379 1369 1412 57.

255 1416 403 1454 Vestalis,
420 1417 512 1455 cujus
536 1416 678 1446 custodia
699 1416 766 1454 ejus
790 1415 892 1445 mefitis
906 1416 1021 1452 fuerat,
1037 1424 1101 1454 qua
1117 1416 1198 1454 ignis
1215 1416 1248 1445 in
1264 1416 1365 1445 Vestae
1379 1414 1448 1445 aede

298 1459 485 1496 exstinfilus,
499 1459 582 1497 juffu
599 1458 760 1498 pontificis
776 1459 856 1488 caesa
870 1459 915 1488 est
929 1458 1042 1496 flagro,
1057 1458 1110 1493 28,
1133 1467 1143 1487 1
1155 1467 1180 1487 1.
1204 1468 1259 1498 41,
1279 1469 1308 1488 2.

253 1503 360 1534 Vestia
375 1503 492 1542 Oppia,
510 1501 673 1532 Attellana
688 1501 814 1537 mulier,
830 1510 902 1540 quae
919 1501 1062 1540 quotidie
1077 1500 1265 1530 sacrificarat
1281 1510 1337 1540 pro
1352 1499 1451 1530 salute

296 1553 329 1576 et
344 1545 474 1576 victoria
488 1545 599 1585 populi
615 1545 769 1581 Romani,
787 1545 820 1574 in
837 1543 1055 1584 poffeffionem
1076 1543 1237 1573 bonorum
1253 1543 1450 1573 libertatem-

299 1598 362 1627 que
378 1589 562 1624 restituitur,
582 1588 635 1624 26,
654 1596 705 1626 33.
728 1593 759 1617 et
777 1596 830 1625 34.

257 1631 457 1661 Vestimenta
472 1631 511 1660 ad
527 1631 684 1660 exercitus
700 1629 802 1665 missa,
821 1638 873 1667 32,
890 1637 940 1665 27.
964 1638 1020 1668 44,
1041 1628 1091 1658 16.

256 1675 291 1704 in
302 1674 538 1704 Vestimentum
555 1672 715 1711 petitionis
730 1672 836 1701 caussa
849 1671 960 1701 album
976 1671 1047 1700 addi
1065 1669 1213 1707 vetitum,
1227 1681 1262 1710 4,
1281 1678 1334 1710 25.

255 1717 385 1746 Vestem
402 1722 526 1746 mutare
542 1715 642 1745 solent
654 1715 696 1744 rei
711 1721 741 1744 et
756 1723 868 1744 eorum
885 1713 1067 1752 propinqui,
1089 1723 1119 1748 2,
1139 1714 1189 1743 61.
1219 1714 1251 1750 6,
1271 1723 1320 1743 zo.

257 1759 366 1789 Vestes
378 1758 521 1798 stragulae
537 1758 678 1797 pretiosae
693 1767 733 1787 ex
749 1756 822 1787 Asia
837 1757 977 1786 Romam
994 1755 1146 1792 adve6tae,
1163 1765 1216 1796 39,
1234 1757 1265 1786 6.

258 1802 387 1832 Vestina
401 1803 528 1838 cohors,
541 1811 595 1840 44,
611 1810 663 1840 40.

259 1845 407 1876 Vestinus
423 1843 561 1884 populus
577 1842 748 1882 conjungit
770 1841 799 1871 se
822 1840 1034 1877 Samnitibus,
1052 1841 1084 1878 8,
1104 1850 1155 1879 29.
1180 1841 1216 1871 iis
1231 1840 1353 1871 bellum
1372 1840 1454 1870 indi-

302 1887 407 1924 Etum,
423 1887 494 1917 ibid.
517 1887 691 1917 vincuntur
720 1894 786 1916 uno
811 1883 936 1925 proelio,
953 1883 1024 1915 ibid.
1049 1893 1127 1914 cum
1150 1884 1188 1914 iis
1211 1884 1313 1914 foedus
1336 1883 1450 1921 iEtum,

308 1940 360 1967 10,
380 1939 409 1968 3.

262 1972 430 2009 Vesuvius,
447 1980 554 2008 mons,
572 1972 604 2008 8,
619 1971 650 2001 8.

262 2015 412 2046 Veterani
428 2015 589 2045 donantur
603 2013 697 2053 agris,
715 2022 768 2052 31,
781 2022 813 2052 4.

263 2059 391 2089 Veteres
407 2057 527 2096 campi,
547 2064 599 2096 25,
622 2057 670 2086 16.

267 2101 348 2137 Veto,
365 2110 427 2130 vox
442 2100 646 2130 tribunorum
662 2097 941 2134 intercedentium,
954 2096 986 2133 6,
1002 2103 1054 2136 35.

263 2144 373 2177 Vettii,
389 2152 466 2182 gens
484 2141 695 2172 Macedonica
711 2139 872 2175 bellicosa,
888 2147 944 2178 45,
961 2147 1011 2176 30.

265 2186 408 2223 Veturia,
426 2190 527 2215 mater
538 2183 712 2220 Coriolani,
729 2182 936 2222 proficiscitur
957 2182 992 2212 in
1013 2179 1070 2210 filii
1087 2180 1196 2217 castra,
1209 2178 1341 2220 ejusque
1355 2178 1453 2210 flectit

310 2229 471 2263 animum,
487 2237 517 2262 2,
535 2235 588 2265 40.

266 2271 409 2307 Veturia,
424 2269 566 2300 centuria
579 2268 759 2306 juniorum,
777 2269 827 2300 26,
846 2276 896 2298 22.

266 2329 310 2336 —
325 2313 497 2348 seniorum,
514 2311 585 2341 ibid.

269 2355 306 2386 C.
323 2356 483 2392 Veturius,
501 2352 624 2388 consul,
641 2361 670 2390 3,
687 2361 736 2390 31.
760 2352 787 2381 ei
802 2351 844 2383 ah
856 2349 985 2381 Allieno
1001 2350 1067 2393 dies
1082 2349 1178 2391 die'ia,
1194 2349 1266 2380 ibid.
1283 2349 1316 2380 in
1340 2348 1450 2380 locum

309 2397 344 2427 C.
361 2397 485 2428 Horatii
501 2394 625 2427 Pulvilli
641 2404 743 2434 augur
757 2393 884 2434 legitur,
899 2402 952 2432 32.

1558 2275 1560 2350 i
