1572 2616
426 230 804 261 HISTORIARUM
842 229 1052 259 LIBROS.
1256 229 1336 272 243

143 310 293 352 Synedri,
310 311 533 342 Macedonum
549 311 720 348 senatores,
737 317 794 350 45,
811 320 863 350 32-

144 355 292 395 Syphax,
310 364 364 385 rex
388 355 622 392 Numidarum,
637 363 655 383 a
678 354 886 394 Scipionibus
908 353 1083 393 appetitus,
1102 351 1212 392 jungit
1228 353 1342 383 amici-

187 399 268 428 tiam
284 407 362 428 cum
379 397 547 434 Romanis,
561 407 614 437 24,
629 398 686 437 48.
698 397 840 427 vincitur
855 406 874 427 a
890 396 1065 434 Masinissa,
1082 406 1136 436 49.
1160 396 1193 426 in
1207 395 1343 426 Mauru-

186 440 248 471 fios
262 441 356 480 fugit,
374 441 444 472 ibid.
468 441 536 479 ejus
552 441 591 470 ad
608 440 773 471 Romanos
787 439 897 480 legati,
918 440 1062 480 prospera
1077 448 1156 469 cum
1173 438 1344 478 Carthagi-

130 490 140 494 *
186 484 351 515 niensibus
365 484 476 524 proelia
489 490 718 520 memoranteS,
733 490 787 520 27,
804 493 835 523 4.
859 484 898 513 ad
914 493 992 513 eum
1009 481 1142 513 viciffim
1159 481 1286 512 senatus
1301 481 1348 513 le·

190 534 280 566 gatos
304 528 416 565 mittit,
433 527 505 558 ibid.
520 527 559 557 ad
582 537 659 557 eum
684 527 793 566 Scipio
810 527 952 566 navigat,
977 527 1032 563 28,
1054 531 1103 561 17.
1127 525 1242 556 eodem
1259 524 1344 556 teffio

188 571 301 609 recipit
317 571 505 611 Scipionem
517 577 548 600 et
564 570 788 607 Asdrubalem,
810 571 858 601 18.
881 579 961 600 cum
977 578 1015 600 eo
1032 568 1135 598 foedus
1151 568 1206 599 icit
1223 568 1346 608 Scipio,

189 613 264 643 ibid.
280 614 369 644 ducit
384 613 568 644 Asdrubalis
583 613 699 650 filiam,
719 624 772 654 29,
789 623 840 652 23.
864 613 1008 653 Scipioni
1030 613 1211 642 amicitiam
1227 621 1347 642 renun-

186 656 268 693 ciat,
284 656 356 686 ibid.
371 656 440 695 ejus
455 656 601 687 adversus
629 656 825 686 Masinissam
841 656 982 693 bellum,
997 664 1136 694 29—33.
1159 655 1193 685 in
1209 654 1278 693 ejus
1287 664 1348 685 ca-

191 700 252 729 stra
268 700 356 739 ignes
372 700 553 738 conjiciunt
568 699 677 739 Scipio
691 706 723 730 et
740 699 914 736 Masiniffa,
934 708 985 737 30,
1003 706 1034 739 5.
1049 699 1181 739 Syphax
1198 698 1349 729 adversus

191 741 389 773 Masinissam
406 750 437 773 et
458 742 594 773 Laelium
609 743 719 782 copias
741 743 861 779 educit,
880 751 932 773 11.
954 743 1091 782 capitur,
1110 741 1188 771 ibid.
1198 741 1232 771 in
1249 742 1349 772 castra.

192 785 342 816 Romana
362 786 545 823 adducitur,
560 795 612 824 ‹13-
636 786 705 824 ejus
720 786 821 816 oratio
838 785 879 815 ad
895 786 1095 825 Scipionem,
1120 784 1192 814 ibid.
1215 794 1234 814 a
1251 784 1349 815 Laelio

190 829 224 858 in
241 829 370 860 Italiam
392 829 575 867 abducitur,
596 836 645 866 17.
668 829 789 860 Tibure
806 829 955 866 moritur,
972 834 1004 859 et
1027 827 1160 868 publico
1177 827 1287 858 funere
1303 828 1351 858 ef-

190 872 301 908 fertur,
365 894 372 902 .

145 879 545 955 Sypheumfsssruttiorum
561 914 733 956 oppidum,
749 915 856 946 deficit
879 924 898 945 a
920 914 1026 945 Poenis
1042 914 1082 944 ad
1098 914 1276 952 Romanos,
1296 923 1349 954 30,

200 966 249 995 ¹9·

149 1000 327 1041 Syracusae,
344 1001 412 1041 post
436 1007 575 1031 mortem
603 1000 796 1041 Hieronymi
820 1010 948 1041 magnae
970 999 1132 1042 Syracusis
1158 1000 1273 1036 turbae,
1297 1008 1352 1039 24,

195 1053 247 1075 21.
266 1051 317 1081 27.
334 1053 396 1083 pax
420 1053 497 1074 cum
520 1043 676 1075 Romanis
699 1044 837 1082 decreta,
852 1045 927 1075 dein
943 1044 1082 1080 turbata,
1099 1045 1238 1082 28—32.
1262 1043 1354 1085 Syra-

195 1087 278 1117 cusae
295 1087 349 1117 sub
366 1087 623 1117 dominationem
636 1087 842 1126 Hippocratis
855 1094 888 1118 et
905 1087 1054 1128 Epicydis
1068 1087 1203 1123 cadunt,
1216 1096 1267 1125 32.
1293 1093 1355 1116 ter-

197 1139 229 1160 ra
245 1130 388 1169 marique
411 1136 641 1169 oppugnantur
660 1139 679 1159 a
704 1130 871 1168 Marcello,
890 1140 941 1169 33.
964 1130 1159 1160 Archimede
1180 1129 1356 1160 defenden-

196 1179 241 1209 te,
270 1182 322 1212 34.
357 1174 598 1212 oppugnatione
624 1173 777 1204 absistunt
803 1174 954 1210 Romani,
983 1179 1015 1203 et
1041 1172 1216 1203 obsidendo
1243 1178 1354 1203 arcent

199 1222 415 1253 commeatus,
431 1215 503 1246 ibid.
542 1216 705 1256 Syracusae
726 1223 844 1256 eaptae,
869 1226 923 1257 25,
942 1225 1081 1255 23—31.
1127 1216 1354 1257 Syracusarum

199 1259 299 1298 spolia
317 1259 456 1290 Romam
473 1259 615 1296 deveaa,
631 1268 685 1298 40.

156 1302 349 1342 Syracusani
366 1303 399 1332 in
422 1303 520 1333 fidem
543 1302 794 1342 clientelamque
811 1301 956 1333 Marcelli
974 1301 1089 1332 urbem
1105 1301 1196 1333 suam
1211 1302 1356 1340 tradunt,

202 1346 256 1381 26,
273 1354 325 1383 32.

158 1388 226 1428 Syri
243 1388 331 1418 haud
347 1386 456 1427 paullo
471 1388 711 1427 mancipiorum
728 1387 859 1425 melius,
873 1397 974 1426 quam
992 1386 1152 1424 militum,
1167 1397 1282 1426 genus,
1301 1393 1357 1428 35,

199 1441 253 1471 49.
276 1430 361 1461 leves
376 1436 408 1460 et
424 1430 563 1461 servituti
586 1432 667 1467 nati,
687 1432 740 1469 36,
763 1438 812 1469 ¹7·
836 1431 939 1461 Gallis
955 1429 1150 1470 stipendium
1163 1431 1356 1471 pependere,

205 1475 258 1512 38,
274 1475 325 1504 16.

158 1517 257 1557 Syrtis
273 1517 390 1554 minor,
408 1525 462 1556 29,
481 1525 532 1556 33.
558 1525 608 1556 34,
627 1516 679 1548 62.

735 1715 779 1749 T.

158 1797 319 1853 (FABAE,
332 1810 406 1848 urbS
419 1817 553 1855 Pifidiae,
572 1819 624 1856 38,
645 1827 693 1857 13.

159 1859 305 1890 Tabellae
318 1868 350 1890 et
365 1860 463 1890 literae
479 1860 639 1895 laureatae,
657 1868 712 1900 45,
734 1870 759 1890 1-

160 1902 373 1939 Tabellarius,
389 1903 460 1933 ibid.
477 1910 505 1932 et
520 1913 575 1943 44,
593 1914 647 1943 44.

160 1945 317 1976 Tabernae
334 1946 446 1976 Romae
463 1947 669 1985 aTarquinio
684 1946 786 1976 Prisco
804 1955 874 1984 rege
889 1944 992 1982 fa&ae,
1014 1956 1042 1983 ι,
1061 1954 1113 1987 35.

158 1988 316 2020 Tabernae
333 1990 365 2019 in
388 1990 474 2029 gravi
498 1989 640 2029 periculo
664 1989 770 2020 claudi
790 1989 895 2027 jufl'ae,
914 1999 946 2028 3,
966 1998 1016 2027 27.
1034 2000 1068 2029 4,
1088 1999 1138 2028 31·
1156 1989 1189 2019 in
1205 1989 1306 2028 luEtu,
1322 2000 1356 2032 9,

209 2038 237 2068 7.
256 2033 288 2062 in
306 2042 384 2072 pace
401 2039 530 2072 apertae,
551 2035 582 2068 6,
602 2039 653 2072 25.

159 2074 316 2105 Tabernae
338 2077 523 2115 argentariae
545 2076 602 2105 sori
628 2075 767 2106 Romani
791 2074 975 2105 venduntur
1003 2075 1043 2105 ab
1060 2074 1236 2113 Annibale,
1259 2077 1360 2107 castra

207 2117 246 2146 ad
263 2119 374 2148 urbem
393 2119 544 2156 habente,
562 2119 616 2154 26,
638 2128 687 2148 11.

161 2159 318 2190 Tabernae
335 2161 454 2201 septem
473 2161 586 2192 Romae
609 2161 762 2192 incendio
785 2161 989 2198 hauriuntur,
1008 2161 1060 2198 26,
1079 2169 1131 2198 27.
1155 2159 1357 2200 reficiuntur,

208 2211 260 2239 27,
282 2213 330 2233 ιι.

161 2245 320 2275 Tabernae
335 2255 450 2277 omnes
473 2256 551 2278 cum
575 2245 685 2286 magni
709 2246 798 2287 pretii
817 2246 978 2276 mercibus
1001 2245 1289 2286 conflagraverunt,
1305 2257 1364 2289 35,

209 2298 262 2327 40.

161 2330 320 2361 Tabernae
335 2337 470 2370 quatuor
487 2332 518 2362 in
535 2331 704 2371 publicum
717 2338 827 2367 emtae,
846 2341 900 2371 39,
916 2341 969 2370 44.

160 2373 317 2404 Tabernae
333 2375 455 2404 circum
472 2375 576 2404 forum
595 2375 799 2414 piscatorium
816 2374 847 2403 in
864 2375 1025 2414 privatum
1042 2374 1194 2412 venditae,
1210 2384 1266 2414 40,
1284 2382 1336 2414 51.

158 2416 315 2447 Tabernae
333 2418 399 2447 soro
415 2417 638 2453 circumdatae,
659 2427 714 2455 41,
734 2427 784 2455 3²·

161 2459 318 2490 Tabernae
333 2467 363 2490 et
380 2460 517 2491 lanienae
533 2460 730 2499 conjunstae,
745 2461 776 2489 in
793 2458 960 2498 publicum
977 2465 1088 2497 emtae,
1105 2469 1160 2500 44,
1180 2461 1230 2491 16.

718 2503 753 2534 M
774 2511 790 2533 ι.
