1572 2616
435 127 667 157 PLEBEIAE
704 125 919 154 GENTES.
1192 122 1269 166 153

430 336 692 380 PORCIA
731 333 928 378 GENS.

81 635 167 690 EA
202 652 274 690 fuit
306 651 523 701 reipublicae
556 652 739 688 Romanae
771 649 864 686 ratio
895 653 934 684 et
962 645 1210 691 consuetudo,
1239 652 1286 685 ut

81 721 295 771 peregrinas
311 720 478 756 nationes
497 718 682 756 societatis
703 718 862 761 foedere,
879 716 1024 753 Italicas
1043 728 1132 752 vero
1152 722 1284 765 gentes

82 784 241 821 civitatis
257 783 343 832 jure
363 782 427 820 fibi
446 783 706 832 conjungeret.
750 781 964 829 Nunquam
983 781 1083 816 enirn
1105 791 1124 816 a
1144 780 1285 817 Rorna-

83 847 139 883 nis
163 849 224 895 (ut
254 847 390 883 Cicero
417 859 486 895 pro
517 846 635 883 Balbo
664 845 806 890 scribit)
830 843 1032 880 intermista
1059 842 1112 878 est
1139 841 1288 891 largitio

85 919 125 949 et
153 912 447 949 communicatio
479 912 648 955 civitatis,
676 923 762 959 qnae
791 922 862 954 reS,
892 915 932 946 et
959 909 1005 946 ad
1034 908 1288 946 conciliandos

86 978 233 1014 animos
262 977 476 1020 hominum,
498 984 536 1012 et
565 976 607 1011 ad
639 975 850 1024 augendam
879 975 1100 1023 potentiam,
1121 976 1290 1012 maximo

88 1042 124 1076 in
146 1040 305 1089 imperio
327 1040 546 1088 adjumento
566 1038 638 1074 effe
656 1037 758 1074 solet.
800 1037 979 1074 Quorum
999 1037 1112 1086 igitur
1129 1036 1292 1086 spectata

88 1103 126 1139 in
146 1102 420 1151 rempublicam
453 1110 489 1138 et
519 1102 667 1151 cognita
696 1100 789 1137 fides
817 1099 922 1143 esset,
944 1100 987 1136 iis
1010 1101 1200 1136 civitatem
1219 1111 1290 1148 po·

87 1165 197 1214 pulus
217 1167 329 1203 Rom.
352 1166 585 1215 largiebatur,
610 1177 685 1202 non
714 1172 841 1201 tamen
870 1164 1004 1200 eadem
1034 1164 1176 1199 ratione
1205 1175 1290 1199 om-

89 1231 212 1267 nibus,
270 1232 374 1268 Nam
402 1232 479 1267 aliis
508 1243 599 1267 cum
628 1229 816 1279 suffragio,
839 1229 917 1266 aliis
945 1242 1034 1266 vero
1065 1229 1139 1266 fine
1159 1230 1290 1267 suffra-

92 1295 168 1344 gio,
202 1295 359 1331 civitatis
388 1294 619 1332 beneficium
656 1295 871 1330 tribuebat:
906 1293 959 1329 illi
995 1294 1219 1343 municipes,
1252 1294 1291 1331 hi

92 1358 238 1394 caerites
266 1358 495 1394 dicebantur.
552 1358 770 1406 Municipes
799 1357 865 1393 suo
889 1355 976 1406 jure
997 1364 1035 1393 et
1054 1357 1126 1393 suis
1147 1357 1292 1406 legibus

93 1423 288 1458 vivebant:
323 1423 487 1458 muneris
517 1429 663 1458 tantum
692 1433 781 1457 cum
810 1421 951 1470 populo
980 1421 1152 1457 Romano
1171 1422 1294 1459 hono-

95 1487 179 1523 rarii
199 1489 395 1536 participes
415 1495 520 1523 erant
537 1502 544 1523 :
577 1499 598 1523 a
616 1499 692 1535 quo
712 1498 868 1523 munere
889 1486 1109 1535 capeffendo
1134 1489 1293 1525 munici-

97 1563 162 1600 pes
191 1552 365 1601 appellati
394 1551 579 1588 videntur.
637 1551 792 1587 Caerites
821 1563 922 1593 vero,
943 1552 1041 1587 cives
1068 1553 1222 1601 quidem
1242 1553 1295 1590 illi

95 1622 218 1658 erant,
240 1622 279 1652 et
305 1627 419 1651 onera
447 1616 586 1651 civium
607 1613 844 1657 sustinebant,
865 1614 970 1650 nullo
999 1622 1126 1652 tamen
1151 1616 1295 1654 honore

98 1678 363 1728 fungebantur,
399 1691 468 1716 nec
500 1678 662 1728 suffragii
688 1679 751 1727 jus
783 1679 982 1716 habebant.
1039 1680 1136 1717 Diffi
1167 1689 1295 1718 autem

101 1743 258 1780 Caerites
287 1743 371 1780 sunt
399 1755 419 1779 a
450 1743 557 1779 Caere
586 1743 738 1792 oppido,
760 1745 861 1792 quod
890 1745 1071 1791 primum,
1092 1757 1160 1792 pro
1188 1745 1296 1782 sacris

100 1807 202 1843 bello
222 1807 369 1844 Gallico
389 1807 548 1856 receptis
564 1806 839 1855 custoditisque,
858 1808 1049 1844 civitatem
1070 1808 1144 1845 fine
1165 1808 1296 1846 suffra-

100 1872 163 1921 gio
181 1873 336 1920 accepit.
395 1872 497 1908 Hinc
519 1871 656 1908 tabulae
676 1871 830 1908 Caerites
851 1871 964 1916 reete,
986 1883 1060 1908 non
1081 1873 1182 1910 versa
1200 1875 1296 1917 vice,

104 1942 143 1972 ut
164 1935 311 1972 Gellius
332 1935 395 1972 lib.
420 1936 494 1972 xvi.
518 1947 599 1983 cap.
630 1940 690 1972 13.
711 1935 757 1970 de
777 1935 912 1971 eadem
941 1947 981 1970 re
1008 1938 1191 1973 contrarie
1212 1937 1299 1974 scri—

102 2000 172 2043 bit,
203 2000 414 2049 appellatae,
447 2000 483 2034 in
516 2010 606 2046 quas
635 1999 806 2035 censores
834 1998 963 2034 referri
989 1997 1186 2047 jubebant,
1206 2014 1299 2050 quos

104 2069 205 2098 notae
225 2063 332 2098 causa
349 2061 528 2111 suffragiis
547 2062 752 2110 privabant.
784 2061 896 2098 Hanc
911 2061 1162 2098 differentiam
1183 2063 1300 2113 usque

106 2124 151 2160 ad
173 2124 315 2160 bellum
337 2124 539 2160 Marsicum
564 2124 720 2166 durasse,
741 2137 817 2172 quo
835 2125 1004 2161 universa
1024 2125 1102 2162 fere
1123 2126 1226 2163 ltalia
1247 2128 1299 2164 ci-

106 2189 219 2224 vitate
239 2188 372 2223 donata
392 2187 458 2232 est,
480 2188 568 2224 licet
589 2188 799 2237 promiscue
828 2190 874 2224 ab
903 2189 1114 2225 auctoribus
1141 2191 1256 2227 etiam
1277 2193 1301 2228 ii

106 2253 171 2300 qui
192 2251 353 2301 suffragii
377 2250 438 2300 jus
459 2264 534 2288 non
556 2252 750 2295 haberent,
770 2253 978 2301 municipes
1004 2255 1302 2300 nominarentur,

110 2316 206 2353 testis
226 2316 277 2352 est
297 2316 390 2352 libro
406 2315 570 2352 secundo
592 2316 760 2352 Velleius
784 2315 1011 2352 paterculus.
1068 2318 1197 2366 ltaque
1216 2331 1302 2356 vere
