1572 2616
473 153 843 184 HISTORIARUM
878 150 1082 182 LIBROS.
1289 146 1370 190 227

221 235 386 274 egregium
402 233 432 264 se
447 235 534 273 pacis
549 233 705 264 arbitrum
720 239 751 264 et
772 232 1005 263 moderatorem
1029 230 1160 271 praebet,
1177 229 1249 260 ibid.
1273 228 1374 259 Grac-

222 278 350 308 churim
367 277 479 308 urbem
493 277 617 313 condit,
631 277 702 307 ibid.
727 276 906 316 triumphat
921 277 960 305 de
976 274 1153 310 Celtiberis,
1172 283 1184 303 1
1195 283 1222 303 1.
1246 280 1371 303 creatur

221 320 346 356 consul,
376 329 425 351 12.
450 320 560 350 multis
586 321 730 350 secundis
759 320 876 359 proeliis
903 319 1069 358 perdomat
1095 317 1222 353 Sardos,
1250 325 1302 347 21.
1331 316 1371 346 de

221 363 327 393 Sardis
344 364 534 402 triumphat,
553 364 603 395 26.
627 373 732 393 rerum
747 362 787 392 ab
804 372 842 393 eo
858 363 891 392 in
906 363 1050 392 Sardinia
1062 362 1220 400 gestarum
1231 369 1307 398 ergo
1322 365 1370 389 ta-

166 436 168 438 .
221 405 299 436 bula
315 407 347 436 in
364 406 432 436 aede
458 407 570 437 Matris
596 406 731 437 Matutae
754 405 866 445 posita,
885 415 935 444 33.
958 413 1082 435 creatur
1104 405 1226 440 censor,
1243 412 1298 442 43,
1319 403 1369 433 16.

220 448 290 486 ejus
313 450 453 479 censurae
475 449 556 487 asta,
574 449 644 479 ibid.
663 457 691 479 et
710 458 759 487 17.
784 449 1006 479 contentiones
1021 457 1100 478 cum
1116 447 1246 477 tribuno
1269 445 1372 486 plebis

220 491 255 522 P.
272 492 405 528 Rutilio,
425 493 474 523 18.
497 493 565 531 ejus
587 493 672 523 bona
695 493 918 524 consecrantur
933 502 950 522 a
968 492 1109 528 tribuno,
1126 490 1198 521 ibid.
1214 489 1241 519 ei
1257 495 1288 519 et
1305 487 1372 518 col-

219 533 299 574 legae
315 536 381 565 dies
392 536 511 566 dicitur
526 537 566 566 ad
582 536 755 576 populum,
772 536 843 567 ibid.
867 535 1025 575 collegam
1047 535 1160 570 servat,
1182 532 1319 571 jurando
1342 531 1372 562 se

219 578 248 607 ei
264 579 418 608 comitem
433 579 531 609 exsilii
545 580 705 617 futurum,
721 580 793 610 ibid.
811 579 975 610 basilicam
991 578 1171 608 faciendam
1184 582 1287 612 curat,
1298 583 1372 614 quae

223 620 413 660 Sempronia
427 622 511 652 dieta
525 623 580 661 est,
597 633 652 664 44,
674 624 722 653 16.
747 623 910 654 libertinos
925 623 959 652 in
975 631 1077 652 unam
1101 620 1221 652 tribum
1238 617 1375 658 Esquili-

221 673 299 693 nam
316 665 460 702 conjicit,
476 673 531 704 45,
553 675 602 705 15.

175 705 229 737 Ti.
246 706 456 745 Sempronius
480 709 619 747 Longus,
645 708 770 745 consul,
797 718 851 745 21,
870 709 900 738 6.
925 709 957 738 in
983 707 1128 738 Siciliam
1152 706 1303 742 mittitur,
1323 710 1374 742 17.

222 751 308 788 capit
326 750 486 787 Melitam,
502 761 552 790 51.
571 759 734 781 revocatur
749 752 782 781 in
800 751 939 787 ltaliam,
954 751 1025 782 ibid.
1042 751 1129 780 venit
1145 750 1184 780 ad
1201 748 1373 788 collegam,

222 791 295 823 ibid.
318 802 435 832 pugnae
451 795 597 824 adversus
612 795 808 824 Annibalem
825 795 974 833 cupidus,
993 802 1043 833 53.
1061 794 1168 824 educit
1183 792 1304 831 copias,
1321 798 1373 831 54.

222 836 373 870 vincitur,
389 843 440 875 55.
453 844 483 866 et
499 838 550 877 56.
575 837 637 867 alia
653 847 761 877 pugna
774 838 854 867 inter
870 838 1099 877 Sempronium
1116 843 1147 867 et
1160 834 1373 872 Annibalem,

226 884 278 917 59.
302 880 443 918 prospere
459 888 581 919 pugnat
594 890 672 911 cum
690 881 853 911 Hannone
868 880 980 917 Poeno,
999 890 1051 919 23,
1070 887 1121 918 37.

179 921 231 951 Ti.
247 922 456 960 Sempronius
475 924 613 962 Longus,
628 924 775 954 tribunus
792 924 901 962 plebis,
918 933 969 961 31,
984 934 1034 955 20.
1058 922 1159 953 aedilis
1173 920 1306 957 curulis,
1322 930 1376 959 32,

226 973 278 1001 27.
302 966 448 994 triumvir
475 966 610 996 coloniis
634 967 841 1001 deducendis,
867 976 918 1003 29.
942 973 1069 1005 praetor,
1097 975 1149 1004 33,
1175 975 1227 1005 24.
1250 964 1377 999 sortitur

224 1006 407 1037 Sardiniam
424 1009 635 1046 provinciam,
655 1013 705 1040 26.
729 1011 757 1039 ei
776 1016 960 1048 prorogatur
976 1009 1163 1048 imperium,
1176 1018 1229 1047 43.
1252 1012 1378 1037 creatur

224 1049 348 1084 consul,
366 1060 418 1090 34,
431 1060 484 1089 42.
509 1052 656 1082 triumvir
670 1052 807 1083 coloniae
819 1052 1028 1088 deducendae,
1041 1060 1095 1091 45.
1119 1050 1328 1091 proficiscitur
1343 1050 1378 1079 in

226 1092 335 1128 Boios,
351 1101 381 1122 et
398 1094 542 1124 adversus
558 1105 611 1125 eos
631 1103 763 1134 pugnat,
779 1097 834 1135 46.
850 1101 881 1125 et
895 1103 950 1135 47.
973 1094 1095 1134 legatus
1118 1094 1305 1131 consularis,
1324 1098 1378 1132 35,

227 1142 256 1175 5.
281 1136 389 1165 frustra
402 1137 569 1168 censuram
587 1139 678 1177 petit,
699 1148 750 1176 39,
767 1148 820 1177 40.

179 1177 232 1208 Ti.
249 1178 457 1217 Sempronius
471 1180 523 1210 Ti,
542 1182 576 1212 F.
595 1182 736 1219 Longus,
751 1191 852 1220 augur
864 1180 978 1218 fafitus,
992 1188 1044 1218 27,
1060 1181 1089 1211 6.
1114 1179 1288 1217 decemvir,
1306 1176 1380 1208 ibid.

225 1221 401 1260 pestilentia
417 1224 563 1259 moritur,
580 1233 635 1262 41,
654 1225 706 1254 26.

181 1263 234 1294 Ti.
251 1264 460 1303 Sempronius
486 1267 616 1305 Longus
642 1268 751 1306 praeest
775 1267 854 1306 parti
878 1267 1052 1297 castrorum
1079 1266 1113 1296 in
1139 1264 1382 1305 oppugnatione

227 1306 404 1343 Heracleae‚
422 1310 474 1347 36,
495 1320 546 1340 22.

186 1348 241 1378 Ti.
259 1350 468 1388 Sempronius
486 1351 610 1387 Musca,
627 1359 682 1391 45,
704 1361 752 1390 13.

183 1391 224 1422 T.
241 1393 449 1431 Sempronius
468 1394 605 1430 Rutilus,
622 1396 752 1425 vitricus
767 1395 800 1425 P.
817 1393 957 1431 AEbutii‚
976 1403 1030 1434 39,
1049 1405 1080 1434 9.
1104 1393 1193 1433 cupit
1217 1392 1380 1433 pupillum

229 1435 342 1465 initiari
363 1436 509 1472 Bacchis,
527 1436 599 1466 ibid.

186 1477 448 1508 Semunciarium
464 1479 568 1509 foenus
584 1480 704 1510 fafitum
718 1489 759 1510 ex
772 1479 930 1516 unciario,
950 1487 980 1516 7,
998 1486 1051 1516 27.

185 1520 282 1556 sena,
299 1522 438 1558 colonia,
458 1531 509 1559 27,
526 1524 580 1561 46.

187 1563 332 1593 Senensis
350 1564 484 1604 populus
502 1567 703 1595 vacationem
719 1566 862 1596 obtinere
878 1574 945 1595 non
962 1565 1074 1604 potest,
1091 1571 1143 1601 27,
1162 1565 1220 1603 38.Δ

185 1606 384 1637 Senaculum
401 1608 433 1637 in
450 1608 623 1647 Capitolio,
641 1619 696 1648 41,
715 1618 766 1647 32.

186 1649 353 1680 Senatores
369 1657 516 1689 centum,
534 1661 552 1681 a
569 1651 710 1682 Romulo
723 1652 832 1688 creati,
853 1661 881 1688 1,
899 1652 928 1682 8.
945 1649 1011 1680 vid.
1028 1650 1144 1680 Patres.

188 1691 354 1723 Senatores
370 1694 532 1732 oetoginta
548 1695 739 1724 occiduntur
755 1696 787 1724 in
805 1694 917 1734 proelio
933 1694 971 1723 ad
987 1693 1130 1729 Cannas,
1149 1703 1201 1727 22,
1218 1702 1272 1732 49.

187 1749 231 1756 —-
248 1737 420 1773 pecuniam
445 1737 555 1776 sponte
582 1738 751 1767 conferunt
776 1738 816 1767 ad
839 1737 1103 1776 supplementum
1128 1736 1301 1775 remigum,
1328 1737 1381 1772 26,

234 1779 285 1815 ³5.

188 1834 231 1842 —
247 1820 386 1859 amplius
413 1822 557 1860 quinque
584 1831 651 1852 uno
681 1828 826 1861 tempore
851 1821 952 1852 abesse
979 1821 1019 1852 ab
1045 1821 1123 1853 urbe
1149 1821 1260 1851 Roma,
1280 1821 1382 1858 vetiti,

234 1863 286 1901 36,
307 1873 334 1900 3.

189 1921 233 1927 -
247 1907 349 1935 εάίὲὶο
367 1907 507 1946 praetoris
522 1917 562 1937 ex
580 1914 645 1937 tota
657 1907 749 1937 Italia
768 1907 908 1937 Romam
920 1913 1090 1944 vocantur,
1107 1916 1162 1946 43,
1183 1915 1232 1944 13.

191 1948 371 1986 Senatores,
400 1950 579 1989 quibusque
608 1951 641 1980 in
667 1951 775 1980 senatu
804 1950 995 1980 sententiam
1020 1950 1124 1980 dicere
1148 1949 1235 1987 licet,
1259 1958 1312 1987 23,
1331 1959 1381 1988 32.

236 1993 288 2029 36·
307 2002 336 2030 3-

191 2033 326 2064 Senatus
344 2034 400 2064 nisi
417 2034 524 2064 ametor
542 2035 641 2073 fieret,
660 2042 764 2066 ratum
782 2035 842 2065 effe
859 2046 923 2066 non
942 2042 1064 2075 poterat
1081 2035 1124 2071 id,
1140 2035 1227 2073 quod
1245 2034 1384 2074 populus

156 2078 157 2081 ’
228 2077 370 2113 jusserat,
394 2087 420 2115 1,
442 2086 490 2114 ι7.
517 2081 621 2117 postea
647 2080 679 2109 in
704 2080 862 2108 incertum
884 2079 1091 2109 comitiorum
1105 2083 1258 2108 eventum
1276 2078 1385 2108 auditor

235 2119 299 2149 fieri
317 2121 427 2159 coepit,
444 2121 516 2149 ibid.

190 2161 326 2192 Senatus
341 2172 493 2201 quaenam
512 2170 614 2202 partes
634 2164 752 2195 fuerint
775 2164 808 2194 in
833 2164 959 2204 regibus
980 2163 1138 2200 creandis,
1153 2162 1220 2193 vid.
1240 2172 1269 2201 1,
1291 2170 1338 2200 17.
1356 2170 1384 2193 et

241 2207 288 2234 18.
309 2215 358 2234 22.
378 2215 428 2243 32.
445 2213 537 2246 et41.

194 2246 328 2276 Senatus
343 2256 361 2276 a
378 2249 501 2287 regibus
514 2250 552 2279 de
567 2250 721 2281 omnibus
737 2251 871 2289 negotiis
888 2249 1063 2285 consultus,
1084 2259 1112 2286 1,
1125 2258 1180 2287 49.

193 2305 237 2312 -
253 2290 290 2318 de
306 2289 391 2320 bello
408 2292 578 2322 indicendo
593 2294 770 2330 consultus,
792 2303 818 2328 1,
837 2303 888 2332 33.

192 2348 236 2355 ·-·
252 2332 404 2369 decernit,
424 2342 457 2363 ut
474 2335 512 2364 ad
531 2335 687 2376 populum
702 2338 818 2367 seratur
842 2337 881 2367 de
902 2335 987 2367 bello
1003 2334 1185 2373 indicendo,
1201 2344 1233 2374 4,
1253 2335 1304 2375 58.
1330 2344 1382 2374 31,

239 2382 269 2415 5.
285 2375 352 2407 vid.
369 2382 396 2405 ει
410 2383 464 2417 45,
483 2387 535 2409 21.
