<?xml version="1.0" encoding="UTF-8"?>
<!DOCTYPE html PUBLIC "-//W3C//DTD XHTML 1.0 Transitional//EN"
    "http://www.w3.org/TR/xhtml1/DTD/xhtml1-transitional.dtd">
<html xmlns="http://www.w3.org/1999/xhtml" xml:lang="en" lang="en">
 <head>
  <title>
</title>
<meta http-equiv="Content-Type" content="text/html;charset=utf-8" />
  <meta name='ocr-system' content='tesseract 3.04.00' />
  <meta name='ocr-capabilities' content='ocr_page ocr_carea ocr_par ocr_line ocrx_word'/>
</head>
<body>
  <div class='ocr_page' id='page_1' title='image "./historiarumquaes05livyuoft_0282.png"; bbox 0 0 1572 2616; ppageno 0'>
   <div class='ocr_carea' id='block_1_1' title="bbox 232 206 1068 250">
    <p class='ocr_par' dir='ltr' id='par_1_1' title="bbox 232 206 1068 250">
     <span class='ocr_line' id='line_1_1' title="bbox 232 206 1068 250; baseline 0.005 -4"><span class='ocrx_word' id='word_1_1' title='bbox 232 206 314 250; x_wconf 81' lang='lat'>262</span> <span class='ocrx_word' id='word_1_2' title='bbox 574 217 739 248; x_wconf 62' lang='lat' dir='ltr'>minax</span> <span class='ocrx_word' id='word_1_3' title='bbox 774 219 829 248; x_wconf 79' lang='lat' dir='ltr'>IN</span> <span class='ocrx_word' id='word_1_4' title='bbox 864 219 909 248; x_wconf 79' lang='lat' dir='ltr'>T.</span> <span class='ocrx_word' id='word_1_5' title='bbox 934 219 1068 250; x_wconf 73' lang='lat' dir='ltr'>mvn</span> 
     </span>
    </p>
   </div>
   <div class='ocr_carea' id='block_1_2' title="bbox 219 296 1422 2489">
    <p class='ocr_par' dir='ltr' id='par_1_2' title="bbox 269 296 1421 726">
     <span class='ocr_line' id='line_1_2' title="bbox 272 296 1419 339; baseline 0.005 -13"><span class='ocrx_word' id='word_1_6' title='bbox 272 303 434 338; x_wconf 84' lang='lat' dir='ltr'>permutat</span> <span class='ocrx_word' id='word_1_7' title='bbox 457 306 534 327; x_wconf 89' lang='lat' dir='ltr'>curn</span> <span class='ocrx_word' id='word_1_8' title='bbox 561 296 716 328; x_wconf 87' lang='lat' dir='ltr'>Marcello</span> <span class='ocrx_word' id='word_1_9' title='bbox 736 298 871 338; x_wconf 85' lang='lat' dir='ltr'>collega,</span> <span class='ocrx_word' id='word_1_10' title='bbox 889 309 942 337; x_wconf 88' lang='lat'>29.</span> <span class='ocrx_word' id='word_1_11' title='bbox 964 299 1072 330; x_wconf 80' lang='lat' dir='ltr'>suadet</span> <span class='ocrx_word' id='word_1_12' title='bbox 1094 300 1252 339; x_wconf 87' lang='lat' dir='ltr'>Patribus,</span> <span class='ocrx_word' id='word_1_13' title='bbox 1270 308 1305 332; x_wconf 89' lang='lat' dir='ltr'>ut</span> <span class='ocrx_word' id='word_1_14' title='bbox 1320 310 1419 332; x_wconf 85' lang='lat' dir='ltr'>omne</span> 
     </span>
     <span class='ocr_line' id='line_1_3' title="bbox 271 341 1420 384; baseline 0.004 -14"><span class='ocrx_word' id='word_1_15' title='bbox 271 350 401 377; x_wconf 83' lang='lat' dir='ltr'>aurum,</span> <span class='ocrx_word' id='word_1_16' title='bbox 419 347 600 380; x_wconf 83' lang='lat' dir='ltr'>argentum,</span> <span class='ocrx_word' id='word_1_17' title='bbox 617 350 660 371; x_wconf 83' lang='lat' dir='ltr'>aes</span> <span class='ocrx_word' id='word_1_18' title='bbox 678 341 834 380; x_wconf 78' lang='lat' dir='ltr'>signatum</span> <span class='ocrx_word' id='word_1_19' title='bbox 859 344 891 372; x_wconf 87' lang='lat' dir='ltr'>in</span> <span class='ocrx_word' id='word_1_20' title='bbox 914 343 1083 382; x_wconf 86' lang='lat' dir='ltr'>publicum</span> <span class='ocrx_word' id='word_1_21' title='bbox 1100 345 1278 384; x_wconf 87' lang='lat' dir='ltr'>conferant,</span> <span class='ocrx_word' id='word_1_22' title='bbox 1296 345 1347 383; x_wconf 87' lang='lat'>36.</span> <span class='ocrx_word' id='word_1_23' title='bbox 1371 346 1420 375; x_wconf 88' lang='lat' dir='ltr'>Si-</span> 
     </span>
     <span class='ocr_line' id='line_1_4' title="bbox 270 384 1420 424; baseline 0.004 -11"><span class='ocrx_word' id='word_1_24' title='bbox 270 385 346 414; x_wconf 85' lang='lat' dir='ltr'>cilia</span> <span class='ocrx_word' id='word_1_25' title='bbox 362 385 453 414; x_wconf 92' lang='lat' dir='ltr'>omni</span> <span class='ocrx_word' id='word_1_26' title='bbox 479 384 591 414; x_wconf 86' lang='lat' dir='ltr'>Poenos</span> <span class='ocrx_word' id='word_1_27' title='bbox 606 384 749 423; x_wconf 84' lang='lat' dir='ltr'>expellit,</span> <span class='ocrx_word' id='word_1_28' title='bbox 768 394 822 424; x_wconf 89' lang='lat'>40.</span> <span class='ocrx_word' id='word_1_29' title='bbox 846 386 987 416; x_wconf 87' lang='lat' dir='ltr'>Romam</span> <span class='ocrx_word' id='word_1_30' title='bbox 1013 387 1103 423; x_wconf 91' lang='lat' dir='ltr'>redit,</span> <span class='ocrx_word' id='word_1_31' title='bbox 1129 394 1159 417; x_wconf 92' lang='lat' dir='ltr'>et</span> <span class='ocrx_word' id='word_1_32' title='bbox 1184 398 1230 417; x_wconf 84' lang='lat' dir='ltr'>res</span> <span class='ocrx_word' id='word_1_33' title='bbox 1254 389 1286 418; x_wconf 92' lang='lat' dir='ltr'>in</span> <span class='ocrx_word' id='word_1_34' title='bbox 1311 387 1420 418; x_wconf 85' lang='lat' dir='ltr'>Sicilia</span> 
     </span>
     <span class='ocr_line' id='line_1_5' title="bbox 272 428 1421 467; baseline 0.003 -10"><span class='ocrx_word' id='word_1_35' title='bbox 272 429 371 467; x_wconf 83' lang='lat' dir='ltr'>gestas</span> <span class='ocrx_word' id='word_1_36' title='bbox 388 434 504 463; x_wconf 86' lang='lat' dir='ltr'>narrat,</span> <span class='ocrx_word' id='word_1_37' title='bbox 521 435 573 463; x_wconf 84' lang='lat'>27,</span> <span class='ocrx_word' id='word_1_38' title='bbox 594 437 622 467; x_wconf 83' lang='lat'>5.</span> <span class='ocrx_word' id='word_1_39' title='bbox 647 428 714 465; x_wconf 90' lang='lat' dir='ltr'>ejus</span> <span class='ocrx_word' id='word_1_40' title='bbox 730 430 925 458; x_wconf 78' lang='lat' dir='ltr'>concertatio</span> <span class='ocrx_word' id='word_1_41' title='bbox 941 439 1018 459; x_wconf 87' lang='lat' dir='ltr'>cum</span> <span class='ocrx_word' id='word_1_42' title='bbox 1042 430 1183 460; x_wconf 86' lang='lat' dir='ltr'>Patribus</span> <span class='ocrx_word' id='word_1_43' title='bbox 1206 432 1244 460; x_wconf 90' lang='lat' dir='ltr'>de</span> <span class='ocrx_word' id='word_1_44' title='bbox 1269 430 1421 461; x_wconf 64' lang='lat' dir='ltr'>dictatore</span> 
     </span>
     <span class='ocr_line' id='line_1_6' title="bbox 271 470 1420 512; baseline 0.003 -12"><span class='ocrx_word' id='word_1_45' title='bbox 271 471 421 507; x_wconf 84' lang='lat' dir='ltr'>dicendo,</span> <span class='ocrx_word' id='word_1_46' title='bbox 439 470 509 499; x_wconf 86' lang='lat' dir='ltr'>ibid.</span> <span class='ocrx_word' id='word_1_47' title='bbox 534 471 561 499; x_wconf 93' lang='lat' dir='ltr'>ei</span> <span class='ocrx_word' id='word_1_48' title='bbox 580 478 784 510; x_wconf 82' lang='lat' dir='ltr'>prorogatum</span> <span class='ocrx_word' id='word_1_49' title='bbox 803 472 988 512; x_wconf 90' lang='lat' dir='ltr'>imperium,</span> <span class='ocrx_word' id='word_1_50' title='bbox 1007 482 1058 503; x_wconf 86' lang='lat'>22.</span> <span class='ocrx_word' id='word_1_51' title='bbox 1083 474 1264 512; x_wconf 81' lang='lat' dir='ltr'>proconsul,</span> <span class='ocrx_word' id='word_1_52' title='bbox 1283 484 1322 504; x_wconf 82' lang='lat' dir='ltr'>ex</span> <span class='ocrx_word' id='word_1_53' title='bbox 1339 475 1420 504; x_wconf 78' lang='lat' dir='ltr'>Sici-</span> 
     </span>
     <span class='ocr_line' id='line_1_7' title="bbox 269 514 1419 555; baseline 0.002 -11"><span class='ocrx_word' id='word_1_54' title='bbox 269 515 313 544; x_wconf 86' lang='lat' dir='ltr'>lia</span> <span class='ocrx_word' id='word_1_55' title='bbox 329 516 360 544; x_wconf 90' lang='lat' dir='ltr'>iri</span> <span class='ocrx_word' id='word_1_56' title='bbox 378 514 520 543; x_wconf 85' lang='lat' dir='ltr'>Africam</span> <span class='ocrx_word' id='word_1_57' title='bbox 544 514 762 552; x_wconf 80' lang='lat' dir='ltr'>proficiscitur,</span> <span class='ocrx_word' id='word_1_58' title='bbox 781 516 834 552; x_wconf 83' lang='lat'>28,</span> <span class='ocrx_word' id='word_1_59' title='bbox 851 525 882 554; x_wconf 86' lang='lat'>4.</span> <span class='ocrx_word' id='word_1_60' title='bbox 906 515 1029 555; x_wconf 86' lang='lat' dir='ltr'>legatus</span> <span class='ocrx_word' id='word_1_61' title='bbox 1044 516 1083 546; x_wconf 91' lang='lat' dir='ltr'>ad</span> <span class='ocrx_word' id='word_1_62' title='bbox 1098 516 1247 548; x_wconf 86' lang='lat' dir='ltr'>Attalum</span> <span class='ocrx_word' id='word_1_63' title='bbox 1268 517 1419 554; x_wconf 80' lang='lat' dir='ltr'>mittitur,</span> 
     </span>
     <span class='ocr_line' id='line_1_8' title="bbox 272 556 1420 599; baseline 0 -11"><span class='ocrx_word' id='word_1_64' title='bbox 272 567 326 596; x_wconf 81' lang='lat'>29,</span> <span class='ocrx_word' id='word_1_65' title='bbox 346 567 356 587; x_wconf 87' lang='lat'>1</span> <span class='ocrx_word' id='word_1_66' title='bbox 367 567 393 586; x_wconf 82' lang='lat' dir='ltr'>i.</span> <span class='ocrx_word' id='word_1_67' title='bbox 411 557 501 586; x_wconf 88' lang='lat' dir='ltr'>refert</span> <span class='ocrx_word' id='word_1_68' title='bbox 515 556 554 586; x_wconf 88' lang='lat' dir='ltr'>de</span> <span class='ocrx_word' id='word_1_69' title='bbox 570 557 736 587; x_wconf 87' lang='lat' dir='ltr'>reddendis</span> <span class='ocrx_word' id='word_1_70' title='bbox 752 559 908 597; x_wconf 87' lang='lat' dir='ltr'>pecuniis,</span> <span class='ocrx_word' id='word_1_71' title='bbox 921 568 995 598; x_wconf 86' lang='lat' dir='ltr'>quae</span> <span class='ocrx_word' id='word_1_72' title='bbox 1007 568 1025 588; x_wconf 92' lang='lat' dir='ltr'>a</span> <span class='ocrx_word' id='word_1_73' title='bbox 1038 560 1166 599; x_wconf 85' lang='lat' dir='ltr'>privatis</span> <span class='ocrx_word' id='word_1_74' title='bbox 1176 559 1302 590; x_wconf 84' lang='lat' dir='ltr'>collatae</span> <span class='ocrx_word' id='word_1_75' title='bbox 1317 566 1420 597; x_wconf 88' lang='lat' dir='ltr'>erant,</span> 
     </span>
     <span class='ocr_line' id='line_1_9' title="bbox 274 600 1421 642; baseline 0.003 -11"><span class='ocrx_word' id='word_1_76' title='bbox 274 602 324 631; x_wconf 86' lang='lat'>16.</span> <span class='ocrx_word' id='word_1_77' title='bbox 348 606 535 640; x_wconf 77' lang='lat' dir='ltr'>propraetor,</span> <span class='ocrx_word' id='word_1_78' title='bbox 556 609 635 629; x_wconf 92' lang='lat' dir='ltr'>cum</span> <span class='ocrx_word' id='word_1_79' title='bbox 657 600 750 630; x_wconf 86' lang='lat' dir='ltr'>clafl‘e</span> <span class='ocrx_word' id='word_1_80' title='bbox 766 602 903 631; x_wconf 83' lang='lat' dir='ltr'>mittitur</span> <span class='ocrx_word' id='word_1_81' title='bbox 927 602 1072 632; x_wconf 85' lang='lat' dir='ltr'>adversus</span> <span class='ocrx_word' id='word_1_82' title='bbox 1094 602 1281 642; x_wconf 87' lang='lat' dir='ltr'>Philippum</span> <span class='ocrx_word' id='word_1_83' title='bbox 1298 603 1331 633; x_wconf 94' lang='lat' dir='ltr'>in</span> <span class='ocrx_word' id='word_1_84' title='bbox 1349 604 1421 634; x_wconf 86' lang='lat' dir='ltr'>Ma-</span> 
     </span>
     <span class='ocr_line' id='line_1_10' title="bbox 269 643 1421 682; baseline 0.002 -8"><span class='ocrx_word' id='word_1_85' title='bbox 269 643 454 679; x_wconf 84' lang='lat' dir='ltr'>cedoniam,</span> <span class='ocrx_word' id='word_1_86' title='bbox 472 652 526 681; x_wconf 85' lang='lat'>31,</span> <span class='ocrx_word' id='word_1_87' title='bbox 542 652 570 681; x_wconf 87' lang='lat'>3.</span> <span class='ocrx_word' id='word_1_88' title='bbox 595 644 707 674; x_wconf 84' lang='lat' dir='ltr'>mortis</span> <span class='ocrx_word' id='word_1_89' title='bbox 722 643 792 682; x_wconf 86' lang='lat' dir='ltr'>ejus</span> <span class='ocrx_word' id='word_1_90' title='bbox 807 644 912 675; x_wconf 68' lang='lat' dir='ltr'>caussa</span> <span class='ocrx_word' id='word_1_91' title='bbox 927 654 946 675; x_wconf 85' lang='lat' dir='ltr'>a</span> <span class='ocrx_word' id='word_1_92' title='bbox 961 645 1073 676; x_wconf 88' lang='lat' dir='ltr'>Publio</span> <span class='ocrx_word' id='word_1_93' title='bbox 1088 652 1119 675; x_wconf 91' lang='lat' dir='ltr'>et</span> <span class='ocrx_word' id='word_1_94' title='bbox 1135 646 1247 676; x_wconf 86' lang='lat' dir='ltr'>Marco</span> <span class='ocrx_word' id='word_1_95' title='bbox 1263 646 1336 676; x_wconf 87' lang='lat' dir='ltr'>filiis</span> <span class='ocrx_word' id='word_1_96' title='bbox 1352 645 1421 676; x_wconf 86' lang='lat' dir='ltr'>ludi</span> 
     </span>
     <span class='ocr_line' id='line_1_11' title="bbox 269 686 590 726; baseline 0 -9"><span class='ocrx_word' id='word_1_97' title='bbox 269 686 418 717; x_wconf 79' lang='lat' dir='ltr'>funebres</span> <span class='ocrx_word' id='word_1_98' title='bbox 433 686 520 722; x_wconf 65' lang='lat' dir='ltr'>facti,</span> <span class='ocrx_word' id='word_1_99' title='bbox 538 695 590 726; x_wconf 79' lang='lat'>50.</span> 
     </span>
    </p>

    <p class='ocr_par' dir='ltr' id='par_1_3' title="bbox 228 729 1420 813">
     <span class='ocr_line' id='line_1_12' title="bbox 228 729 1420 772; baseline 0 -10"><span class='ocrx_word' id='word_1_100' title='bbox 228 731 278 762; x_wconf 82' lang='lat' dir='ltr'>M.</span> <span class='ocrx_word' id='word_1_101' title='bbox 295 729 438 760; x_wconf 83' lang='lat' dir='ltr'>Valerius</span> <span class='ocrx_word' id='word_1_102' title='bbox 452 730 599 759; x_wconf 81' lang='lat' dir='ltr'>Laevinus</span> <span class='ocrx_word' id='word_1_103' title='bbox 612 737 738 760; x_wconf 89' lang='lat' dir='ltr'>creatur</span> <span class='ocrx_word' id='word_1_104' title='bbox 753 736 878 769; x_wconf 84' lang='lat' dir='ltr'>praetor,</span> <span class='ocrx_word' id='word_1_105' title='bbox 893 740 945 769; x_wconf 86' lang='lat'>39,</span> <span class='ocrx_word' id='word_1_106' title='bbox 961 731 1013 772; x_wconf 85' lang='lat'>56.</span> <span class='ocrx_word' id='word_1_107' title='bbox 1030 731 1156 762; x_wconf 86' lang='lat' dir='ltr'>sortitur</span> <span class='ocrx_word' id='word_1_108' title='bbox 1167 730 1420 770; x_wconf 64' lang='lat' dir='ltr'>jurisdissionem</span> 
     </span>
     <span class='ocr_line' id='line_1_13' title="bbox 271 773 873 813; baseline 0.002 -10"><span class='ocrx_word' id='word_1_109' title='bbox 271 774 485 813; x_wconf 83' lang='lat' dir='ltr'>peregrinam,</span> <span class='ocrx_word' id='word_1_110' title='bbox 500 782 555 811; x_wconf 90' lang='lat'>40,</span> <span class='ocrx_word' id='word_1_111' title='bbox 578 783 604 802; x_wconf 91' lang='lat' dir='ltr'>i.</span> <span class='ocrx_word' id='word_1_112' title='bbox 621 773 686 803; x_wconf 81' lang='lat' dir='ltr'>vid.</span> <span class='ocrx_word' id='word_1_113' title='bbox 704 780 732 802; x_wconf 75' lang='lat' dir='ltr'>et</span> <span class='ocrx_word' id='word_1_114' title='bbox 748 784 803 812; x_wconf 86' lang='lat'>42,</span> <span class='ocrx_word' id='word_1_115' title='bbox 821 775 873 813; x_wconf 84' lang='grc'>58.</span> 
     </span>
    </p>

    <p class='ocr_par' dir='ltr' id='par_1_4' title="bbox 227 816 1419 899">
     <span class='ocr_line' id='line_1_14' title="bbox 227 816 1419 858; baseline 0 -10"><span class='ocrx_word' id='word_1_116' title='bbox 227 817 276 848; x_wconf 86' lang='grc' dir='ltr'>Μ.</span> <span class='ocrx_word' id='word_1_117' title='bbox 294 816 436 846; x_wconf 86' lang='lat' dir='ltr'>Valerius</span> <span class='ocrx_word' id='word_1_118' title='bbox 464 816 644 855; x_wconf 83' lang='lat' dir='ltr'>Maximus,</span> <span class='ocrx_word' id='word_1_119' title='bbox 672 816 818 847; x_wconf 89' lang='lat' dir='ltr'>tribunus</span> <span class='ocrx_word' id='word_1_120' title='bbox 846 816 989 846; x_wconf 90' lang='lat' dir='ltr'>militum</span> <span class='ocrx_word' id='word_1_121' title='bbox 1015 817 1171 847; x_wconf 87' lang='lat' dir='ltr'>consulari</span> <span class='ocrx_word' id='word_1_122' title='bbox 1197 818 1361 857; x_wconf 80' lang='lat' dir='ltr'>potestate,</span> <span class='ocrx_word' id='word_1_123' title='bbox 1387 825 1419 858; x_wconf 79' lang='lat'>5,</span> 
     </span>
     <span class='ocr_line' id='line_1_15' title="bbox 274 866 544 899; baseline -0.004 -9"><span class='ocrx_word' id='word_1_124' title='bbox 274 870 323 898; x_wconf 81' lang='lat'>14·</span> <span class='ocrx_word' id='word_1_125' title='bbox 348 866 477 893; x_wconf 82' lang='lat' dir='ltr'>iterum,</span> <span class='ocrx_word' id='word_1_126' title='bbox 493 869 544 899; x_wconf 88' lang='lat'>24.</span> 
     </span>
    </p>

    <p class='ocr_par' dir='ltr' id='par_1_5' title="bbox 227 901 1420 1030">
     <span class='ocr_line' id='line_1_16' title="bbox 227 901 1419 943; baseline -0.001 -9"><span class='ocrx_word' id='word_1_127' title='bbox 227 903 276 935; x_wconf 85' lang='lat' dir='ltr'>M.</span> <span class='ocrx_word' id='word_1_128' title='bbox 294 903 437 933; x_wconf 88' lang='lat' dir='ltr'>Valerius</span> <span class='ocrx_word' id='word_1_129' title='bbox 463 903 643 939; x_wconf 78' lang='lat' dir='ltr'>Maximus,</span> <span class='ocrx_word' id='word_1_130' title='bbox 671 901 796 938; x_wconf 90' lang='lat' dir='ltr'>consul,</span> <span class='ocrx_word' id='word_1_131' title='bbox 823 913 855 942; x_wconf 93' lang='lat'>9,</span> <span class='ocrx_word' id='word_1_132' title='bbox 884 902 934 933; x_wconf 85' lang='lat'>28.</span> <span class='ocrx_word' id='word_1_133' title='bbox 968 901 1091 941; x_wconf 88' lang='lat' dir='ltr'>legatus</span> <span class='ocrx_word' id='word_1_134' title='bbox 1117 902 1277 933; x_wconf 63' lang='lat' dir='ltr'>diaatoris</span> <span class='ocrx_word' id='word_1_135' title='bbox 1304 904 1419 943; x_wconf 89' lang='lat' dir='ltr'>Papirii</span> 
     </span>
     <span class='ocr_line' id='line_1_17' title="bbox 270 945 1420 985; baseline -0.002 -7"><span class='ocrx_word' id='word_1_136' title='bbox 270 946 423 984; x_wconf 73' lang='lat' dir='ltr'>cursoris,</span> <span class='ocrx_word' id='word_1_137' title='bbox 439 955 493 985; x_wconf 76' lang='lat'>40.</span> <span class='ocrx_word' id='word_1_138' title='bbox 519 953 632 985; x_wconf 80' lang='lat' dir='ltr'>praetor</span> <span class='ocrx_word' id='word_1_139' title='bbox 647 952 812 984; x_wconf 86' lang='lat' dir='ltr'>quartum,</span> <span class='ocrx_word' id='word_1_140' title='bbox 828 955 881 984; x_wconf 86' lang='lat'>41.</span> <span class='ocrx_word' id='word_1_141' title='bbox 905 945 1027 981; x_wconf 86' lang='lat' dir='ltr'>censor,</span> <span class='ocrx_word' id='word_1_142' title='bbox 1045 957 1077 985; x_wconf 90' lang='lat'>9,</span> <span class='ocrx_word' id='word_1_143' title='bbox 1093 955 1148 985; x_wconf 87' lang='lat'>43.</span> <span class='ocrx_word' id='word_1_144' title='bbox 1171 946 1210 976; x_wconf 87' lang='lat' dir='ltr'>ab</span> <span class='ocrx_word' id='word_1_145' title='bbox 1224 956 1261 976; x_wconf 87' lang='lat' dir='ltr'>eo</span> <span class='ocrx_word' id='word_1_146' title='bbox 1274 953 1304 977; x_wconf 87' lang='lat' dir='ltr'>et</span> <span class='ocrx_word' id='word_1_147' title='bbox 1321 946 1420 977; x_wconf 85' lang='lat' dir='ltr'>colle-</span> 
     </span>
     <span class='ocr_line' id='line_1_18' title="bbox 269 987 1074 1030; baseline -0.001 -10"><span class='ocrx_word' id='word_1_148' title='bbox 269 999 310 1030; x_wconf 83' lang='lat' dir='ltr'>ga</span> <span class='ocrx_word' id='word_1_149' title='bbox 325 990 385 1019; x_wconf 88' lang='lat' dir='ltr'>viae</span> <span class='ocrx_word' id='word_1_150' title='bbox 403 999 455 1029; x_wconf 87' lang='lat' dir='ltr'>per</span> <span class='ocrx_word' id='word_1_151' title='bbox 471 998 560 1028; x_wconf 80' lang='lat' dir='ltr'>agros</span> <span class='ocrx_word' id='word_1_152' title='bbox 578 989 707 1028; x_wconf 87' lang='lat' dir='ltr'>publica</span> <span class='ocrx_word' id='word_1_153' title='bbox 724 989 867 1028; x_wconf 81' lang='lat' dir='ltr'>impensa</span> <span class='ocrx_word' id='word_1_154' title='bbox 882 987 986 1024; x_wconf 69' lang='lat' dir='ltr'>faStae,</span> <span class='ocrx_word' id='word_1_155' title='bbox 1002 988 1074 1019; x_wconf 86' lang='lat' dir='ltr'>ibid.</span> 
     </span>
    </p>

    <p class='ocr_par' dir='ltr' id='par_1_6' title="bbox 225 1030 1422 1159">
     <span class='ocr_line' id='line_1_19' title="bbox 225 1030 1422 1072; baseline -0.001 -8"><span class='ocrx_word' id='word_1_156' title='bbox 225 1033 272 1065; x_wconf 89' lang='lat' dir='ltr'>M.</span> <span class='ocrx_word' id='word_1_157' title='bbox 292 1032 434 1063; x_wconf 87' lang='lat' dir='ltr'>Valerius</span> <span class='ocrx_word' id='word_1_158' title='bbox 451 1032 608 1068; x_wconf 85' lang='lat' dir='ltr'>Mefl&#39;alla‚</span> <span class='ocrx_word' id='word_1_159' title='bbox 624 1032 788 1072; x_wconf 65' lang='lat' dir='ltr'>praefectus</span> <span class='ocrx_word' id='word_1_160' title='bbox 802 1030 918 1068; x_wconf 72' lang='lat' dir='ltr'>classis,</span> <span class='ocrx_word' id='word_1_161' title='bbox 936 1040 1012 1061; x_wconf 90' lang='lat' dir='ltr'>cum</span> <span class='ocrx_word' id='word_1_162' title='bbox 1030 1037 1116 1070; x_wconf 85' lang='lat' dir='ltr'>parte</span> <span class='ocrx_word' id='word_1_163' title='bbox 1131 1032 1263 1062; x_wconf 89' lang='lat' dir='ltr'>navium</span> <span class='ocrx_word' id='word_1_164' title='bbox 1281 1032 1422 1063; x_wconf 81' lang='lat' dir='ltr'>mittitur</span> 
     </span>
     <span class='ocr_line' id='line_1_20' title="bbox 269 1074 1420 1115; baseline 0 -9"><span class='ocrx_word' id='word_1_165' title='bbox 269 1077 302 1106; x_wconf 88' lang='lat' dir='ltr'>in</span> <span class='ocrx_word' id='word_1_166' title='bbox 319 1077 475 1112; x_wconf 86' lang='lat' dir='ltr'>Africam,</span> <span class='ocrx_word' id='word_1_167' title='bbox 495 1082 547 1112; x_wconf 82' lang='lat'>27,</span> <span class='ocrx_word' id='word_1_168' title='bbox 565 1083 594 1115; x_wconf 89' lang='lat'>5.</span> <span class='ocrx_word' id='word_1_169' title='bbox 618 1075 790 1114; x_wconf 84' lang='lat' dir='ltr'>populatur</span> <span class='ocrx_word' id='word_1_170' title='bbox 801 1075 957 1110; x_wconf 81' lang='lat' dir='ltr'>Africam,</span> <span class='ocrx_word' id='word_1_171' title='bbox 973 1074 1045 1104; x_wconf 86' lang='lat' dir='ltr'>ibid.</span> <span class='ocrx_word' id='word_1_172' title='bbox 1068 1084 1144 1105; x_wconf 89' lang='lat' dir='ltr'>eum</span> <span class='ocrx_word' id='word_1_173' title='bbox 1161 1075 1347 1106; x_wconf 65' lang='lat' dir='ltr'>dictatorem</span> <span class='ocrx_word' id='word_1_174' title='bbox 1370 1076 1420 1106; x_wconf 78' lang='lat' dir='ltr'>di-</span> 
     </span>
     <span class='ocr_line' id='line_1_21' title="bbox 268 1118 1239 1159; baseline -0.003 -10"><span class='ocrx_word' id='word_1_175' title='bbox 268 1129 338 1150; x_wconf 79' lang='lat' dir='ltr'>cere</span> <span class='ocrx_word' id='word_1_176' title='bbox 353 1120 487 1159; x_wconf 86' lang='lat' dir='ltr'>cupiens</span> <span class='ocrx_word' id='word_1_177' title='bbox 503 1118 614 1149; x_wconf 87' lang='lat' dir='ltr'>consul</span> <span class='ocrx_word' id='word_1_178' title='bbox 631 1119 778 1148; x_wconf 76' lang='lat' dir='ltr'>Laevinus</span> <span class='ocrx_word' id='word_1_179' title='bbox 793 1118 979 1157; x_wconf 87' lang='lat' dir='ltr'>prohibetur</span> <span class='ocrx_word' id='word_1_180' title='bbox 992 1127 1011 1147; x_wconf 91' lang='lat' dir='ltr'>a</span> <span class='ocrx_word' id='word_1_181' title='bbox 1027 1118 1149 1154; x_wconf 89' lang='lat' dir='ltr'>senatu,</span> <span class='ocrx_word' id='word_1_182' title='bbox 1166 1118 1239 1150; x_wconf 81' lang='lat' dir='ltr'>ibid.</span> 
     </span>
    </p>

    <p class='ocr_par' dir='ltr' id='par_1_7' title="bbox 226 1160 1419 1331">
     <span class='ocr_line' id='line_1_22' title="bbox 226 1160 1419 1200; baseline -0.003 -7"><span class='ocrx_word' id='word_1_183' title='bbox 226 1163 275 1194; x_wconf 87' lang='grc' dir='ltr'>Μ.</span> <span class='ocrx_word' id='word_1_184' title='bbox 293 1163 437 1192; x_wconf 86' lang='lat' dir='ltr'>Valerius</span> <span class='ocrx_word' id='word_1_185' title='bbox 464 1161 608 1191; x_wconf 81' lang='lat' dir='ltr'>Messalla</span> <span class='ocrx_word' id='word_1_186' title='bbox 629 1168 753 1191; x_wconf 89' lang='lat' dir='ltr'>creatur</span> <span class='ocrx_word' id='word_1_187' title='bbox 779 1168 905 1200; x_wconf 88' lang='lat' dir='ltr'>praetor,</span> <span class='ocrx_word' id='word_1_188' title='bbox 934 1169 987 1199; x_wconf 85' lang='lat'>34,</span> <span class='ocrx_word' id='word_1_189' title='bbox 1011 1168 1064 1200; x_wconf 86' lang='lat'>54.</span> <span class='ocrx_word' id='word_1_190' title='bbox 1086 1160 1211 1191; x_wconf 86' lang='lat' dir='ltr'>sortitur</span> <span class='ocrx_word' id='word_1_191' title='bbox 1228 1160 1419 1199; x_wconf 69' lang='lat' dir='ltr'>jurisdietio-</span> 
     </span>
     <span class='ocr_line' id='line_1_23' title="bbox 268 1202 1419 1244; baseline -0.002 -9"><span class='ocrx_word' id='word_1_192' title='bbox 268 1215 345 1236; x_wconf 89' lang='lat' dir='ltr'>nem</span> <span class='ocrx_word' id='word_1_193' title='bbox 370 1205 580 1244; x_wconf 79' lang='lat' dir='ltr'>peregrinam,</span> <span class='ocrx_word' id='word_1_194' title='bbox 600 1212 650 1243; x_wconf 83' lang='lat'>55.</span> <span class='ocrx_word' id='word_1_195' title='bbox 673 1210 797 1233; x_wconf 83' lang='lat' dir='ltr'>creatur</span> <span class='ocrx_word' id='word_1_196' title='bbox 813 1202 937 1238; x_wconf 89' lang='lat' dir='ltr'>consul,</span> <span class='ocrx_word' id='word_1_197' title='bbox 956 1204 1008 1240; x_wconf 83' lang='lat'>38,</span> <span class='ocrx_word' id='word_1_198' title='bbox 1024 1212 1075 1242; x_wconf 83' lang='lat'>35.</span> <span class='ocrx_word' id='word_1_199' title='bbox 1099 1202 1224 1243; x_wconf 81' lang='lat' dir='ltr'>legatus</span> <span class='ocrx_word' id='word_1_200' title='bbox 1251 1204 1283 1233; x_wconf 90' lang='lat' dir='ltr'>in</span> <span class='ocrx_word' id='word_1_201' title='bbox 1310 1204 1419 1233; x_wconf 85' lang='lat' dir='ltr'>Mace-</span> 
     </span>
     <span class='ocr_line' id='line_1_24' title="bbox 267 1245 1419 1287; baseline -0.001 -9"><span class='ocrx_word' id='word_1_202' title='bbox 267 1249 413 1284; x_wconf 84' lang='lat' dir='ltr'>doniam,</span> <span class='ocrx_word' id='word_1_203' title='bbox 429 1258 485 1287; x_wconf 86' lang='lat'>41,</span> <span class='ocrx_word' id='word_1_204' title='bbox 505 1255 557 1283; x_wconf 88' lang='lat'>27.</span> <span class='ocrx_word' id='word_1_205' title='bbox 581 1248 613 1276; x_wconf 88' lang='lat' dir='ltr'>in</span> <span class='ocrx_word' id='word_1_206' title='bbox 637 1247 748 1276; x_wconf 92' lang='lat' dir='ltr'>locum</span> <span class='ocrx_word' id='word_1_207' title='bbox 763 1246 889 1276; x_wconf 79' lang='lat' dir='ltr'>AEmilii</span> <span class='ocrx_word' id='word_1_208' title='bbox 917 1245 991 1285; x_wconf 83' lang='lat' dir='ltr'>Papi</span> <span class='ocrx_word' id='word_1_209' title='bbox 1016 1246 1169 1277; x_wconf 84' lang='lat' dir='ltr'>sufficitur</span> <span class='ocrx_word' id='word_1_210' title='bbox 1190 1246 1352 1277; x_wconf 88' lang='lat' dir='ltr'>decemvir</span> <span class='ocrx_word' id='word_1_211' title='bbox 1371 1246 1419 1277; x_wconf 87' lang='lat' dir='ltr'>sa·</span> 
     </span>
     <span class='ocr_line' id='line_1_25' title="bbox 269 1292 554 1331; baseline -0.004 -10"><span class='ocrx_word' id='word_1_212' title='bbox 269 1300 412 1327; x_wconf 90' lang='lat' dir='ltr'>crorum,</span> <span class='ocrx_word' id='word_1_213' title='bbox 429 1301 484 1331; x_wconf 83' lang='lat'>42,</span> <span class='ocrx_word' id='word_1_214' title='bbox 504 1292 554 1320; x_wconf 85' lang='lat'>28.</span> 
     </span>
    </p>

    <p class='ocr_par' dir='ltr' id='par_1_8' title="bbox 222 1331 1417 1372">
     <span class='ocr_line' id='line_1_26' title="bbox 222 1331 1417 1372; baseline -0.003 -7"><span class='ocrx_word' id='word_1_215' title='bbox 222 1335 273 1366; x_wconf 83' lang='lat' dir='ltr'>M.</span> <span class='ocrx_word' id='word_1_216' title='bbox 286 1334 441 1370; x_wconf 76' lang='lat' dir='ltr'>Valerius,</span> <span class='ocrx_word' id='word_1_217' title='bbox 455 1334 576 1372; x_wconf 85' lang='lat' dir='ltr'>legatus</span> <span class='ocrx_word' id='word_1_218' title='bbox 588 1332 713 1362; x_wconf 82' lang='lat' dir='ltr'>AEmilii</span> <span class='ocrx_word' id='word_1_219' title='bbox 723 1331 824 1362; x_wconf 86' lang='lat' dir='ltr'>Paulli</span> <span class='ocrx_word' id='word_1_220' title='bbox 838 1332 871 1362; x_wconf 88' lang='lat' dir='ltr'>in</span> <span class='ocrx_word' id='word_1_221' title='bbox 883 1331 970 1362; x_wconf 88' lang='lat' dir='ltr'>bello</span> <span class='ocrx_word' id='word_1_222' title='bbox 982 1331 1127 1362; x_wconf 83' lang='lat' dir='ltr'>adversus</span> <span class='ocrx_word' id='word_1_223' title='bbox 1140 1332 1281 1371; x_wconf 83' lang='lat' dir='ltr'>Ligures,</span> <span class='ocrx_word' id='word_1_224' title='bbox 1294 1340 1350 1371; x_wconf 84' lang='lat'>40,</span> <span class='ocrx_word' id='word_1_225' title='bbox 1365 1339 1417 1368; x_wconf 84' lang='lat'>27.</span> 
     </span>
    </p>

    <p class='ocr_par' dir='ltr' id='par_1_9' title="bbox 225 1375 1416 1460">
     <span class='ocr_line' id='line_1_27' title="bbox 225 1375 1416 1415; baseline -0.005 -6"><span class='ocrx_word' id='word_1_226' title='bbox 225 1379 274 1409; x_wconf 81' lang='lat' dir='ltr'>M.</span> <span class='ocrx_word' id='word_1_227' title='bbox 291 1377 434 1407; x_wconf 86' lang='lat' dir='ltr'>Valerius</span> <span class='ocrx_word' id='word_1_228' title='bbox 450 1376 627 1413; x_wconf 85' lang='lat' dir='ltr'>Publicola,</span> <span class='ocrx_word' id='word_1_229' title='bbox 644 1376 791 1414; x_wconf 83' lang='lat' dir='ltr'>magister</span> <span class='ocrx_word' id='word_1_230' title='bbox 804 1375 964 1415; x_wconf 87' lang='lat' dir='ltr'>equiturn,</span> <span class='ocrx_word' id='word_1_231' title='bbox 984 1382 1014 1412; x_wconf 90' lang='lat'>7,</span> <span class='ocrx_word' id='word_1_232' title='bbox 1036 1384 1085 1406; x_wconf 81' lang='lat'>12.</span> <span class='ocrx_word' id='word_1_233' title='bbox 1107 1375 1232 1413; x_wconf 90' lang='lat' dir='ltr'>consul,</span> <span class='ocrx_word' id='word_1_234' title='bbox 1252 1383 1301 1412; x_wconf 90' lang='lat'>17.</span> <span class='ocrx_word' id='word_1_235' title='bbox 1316 1382 1348 1405; x_wconf 85' lang='lat' dir='ltr'>et</span> <span class='ocrx_word' id='word_1_236' title='bbox 1367 1375 1416 1406; x_wconf 87' lang='lat'>18.</span> 
     </span>
     <span class='ocr_line' id='line_1_28' title="bbox 267 1428 469 1460; baseline -0.015 -9"><span class='ocrx_word' id='word_1_237' title='bbox 267 1428 398 1456; x_wconf 82' lang='lat' dir='ltr'>iterum,</span> <span class='ocrx_word' id='word_1_238' title='bbox 420 1430 469 1460; x_wconf 89' lang='lat'>19.</span> 
     </span>
    </p>

    <p class='ocr_par' dir='ltr' id='par_1_10' title="bbox 224 1461 1421 1975">
     <span class='ocr_line' id='line_1_29' title="bbox 224 1461 1417 1501; baseline -0.003 -6"><span class='ocrx_word' id='word_1_239' title='bbox 224 1466 258 1495; x_wconf 80' lang='lat' dir='ltr'>P.</span> <span class='ocrx_word' id='word_1_240' title='bbox 278 1464 430 1501; x_wconf 84' lang='lat' dir='ltr'>Valerius,</span> <span class='ocrx_word' id='word_1_241' title='bbox 448 1462 550 1493; x_wconf 88' lang='lat' dir='ltr'>Volesi</span> <span class='ocrx_word' id='word_1_242' title='bbox 568 1463 602 1493; x_wconf 88' lang='lat' dir='ltr'><strong>F.</strong></span> <span class='ocrx_word' id='word_1_243' title='bbox 619 1471 696 1492; x_wconf 88' lang='lat' dir='ltr'>cum</span> <span class='ocrx_word' id='word_1_244' title='bbox 712 1462 767 1501; x_wconf 91' lang='lat' dir='ltr'>Sp.</span> <span class='ocrx_word' id='word_1_245' title='bbox 784 1461 930 1491; x_wconf 88' lang='lat' dir='ltr'>Lucretio</span> <span class='ocrx_word' id='word_1_246' title='bbox 946 1461 1033 1491; x_wconf 91' lang='lat' dir='ltr'>venit</span> <span class='ocrx_word' id='word_1_247' title='bbox 1048 1461 1089 1491; x_wconf 83' lang='lat' dir='ltr'>ad</span> <span class='ocrx_word' id='word_1_248' title='bbox 1105 1461 1299 1498; x_wconf 87' lang='lat' dir='ltr'>Lucretiam,</span> <span class='ocrx_word' id='word_1_249' title='bbox 1320 1470 1349 1498; x_wconf 89' lang='lat'>1,</span> <span class='ocrx_word' id='word_1_250' title='bbox 1365 1462 1417 1501; x_wconf 81' lang='lat'>58.</span> 
     </span>
     <span class='ocr_line' id='line_1_30' title="bbox 264 1504 1418 1546; baseline -0.003 -9"><span class='ocrx_word' id='word_1_251' title='bbox 264 1508 349 1546; x_wconf 80' lang='lat' dir='ltr'>jurat</span> <span class='ocrx_word' id='word_1_252' title='bbox 374 1507 407 1536; x_wconf 90' lang='lat' dir='ltr'>in</span> <span class='ocrx_word' id='word_1_253' title='bbox 431 1507 539 1542; x_wconf 83' lang='lat' dir='ltr'>verba,</span> <span class='ocrx_word' id='word_1_254' title='bbox 556 1515 629 1545; x_wconf 86' lang='lat' dir='ltr'>quae</span> <span class='ocrx_word' id='word_1_255' title='bbox 647 1506 762 1535; x_wconf 88' lang='lat' dir='ltr'>Brutus</span> <span class='ocrx_word' id='word_1_256' title='bbox 778 1505 955 1544; x_wconf 67' lang='lat' dir='ltr'>praeiverat,</span> <span class='ocrx_word' id='word_1_257' title='bbox 973 1512 1022 1545; x_wconf 73' lang='lat'>59⁴</span> <span class='ocrx_word' id='word_1_258' title='bbox 1048 1504 1158 1535; x_wconf 87' lang='lat' dir='ltr'>consul</span> <span class='ocrx_word' id='word_1_259' title='bbox 1181 1511 1305 1534; x_wconf 89' lang='lat' dir='ltr'>creatur</span> <span class='ocrx_word' id='word_1_260' title='bbox 1321 1505 1353 1534; x_wconf 91' lang='lat' dir='ltr'>in</span> <span class='ocrx_word' id='word_1_261' title='bbox 1371 1504 1418 1534; x_wconf 86' lang='lat'>10-</span> 
     </span>
     <span class='ocr_line' id='line_1_31' title="bbox 268 1546 1418 1587; baseline -0.002 -7"><span class='ocrx_word' id='word_1_262' title='bbox 268 1560 346 1580; x_wconf 87' lang='lat' dir='ltr'>cum</span> <span class='ocrx_word' id='word_1_263' title='bbox 367 1549 532 1585; x_wconf 83' lang='lat' dir='ltr'>Collatini,</span> <span class='ocrx_word' id='word_1_264' title='bbox 550 1559 581 1585; x_wconf 86' lang='lat'>2,</span> <span class='ocrx_word' id='word_1_265' title='bbox 600 1559 629 1578; x_wconf 83' lang='lat'>2-</span> <span class='ocrx_word' id='word_1_266' title='bbox 655 1554 779 1587; x_wconf 83' lang='lat' dir='ltr'>pugnat</span> <span class='ocrx_word' id='word_1_267' title='bbox 800 1556 878 1577; x_wconf 90' lang='lat' dir='ltr'>cum</span> <span class='ocrx_word' id='word_1_268' title='bbox 899 1547 1096 1586; x_wconf 81' lang='lat' dir='ltr'>Tarquiniis,</span> <span class='ocrx_word' id='word_1_269' title='bbox 1113 1547 1143 1577; x_wconf 91' lang='lat'><strong>6.</strong></span> <span class='ocrx_word' id='word_1_270' title='bbox 1167 1547 1265 1587; x_wconf 91' lang='lat' dir='ltr'>spolia</span> <span class='ocrx_word' id='word_1_271' title='bbox 1280 1546 1367 1586; x_wconf 84' lang='lat' dir='ltr'>legit,</span> <span class='ocrx_word' id='word_1_272' title='bbox 1385 1555 1418 1578; x_wconf 87' lang='lat' dir='ltr'>et</span> 
     </span>
     <span class='ocr_line' id='line_1_32' title="bbox 266 1589 1417 1633; baseline -0.003 -10"><span class='ocrx_word' id='word_1_273' title='bbox 266 1594 472 1633; x_wconf 82' lang='lat' dir='ltr'>triumphans</span> <span class='ocrx_word' id='word_1_274' title='bbox 499 1593 640 1621; x_wconf 83' lang='lat' dir='ltr'>Romam</span> <span class='ocrx_word' id='word_1_275' title='bbox 664 1591 755 1626; x_wconf 86' lang='lat' dir='ltr'>redit,</span> <span class='ocrx_word' id='word_1_276' title='bbox 780 1598 809 1627; x_wconf 91' lang='lat'><strong>7.</strong></span> <span class='ocrx_word' id='word_1_277' title='bbox 836 1590 971 1620; x_wconf 59' lang='lat' dir='ltr'>affectati</span> <span class='ocrx_word' id='word_1_278' title='bbox 998 1591 1084 1628; x_wconf 86' lang='lat' dir='ltr'>regni</span> <span class='ocrx_word' id='word_1_279' title='bbox 1110 1589 1323 1626; x_wconf 76' lang='lat' dir='ltr'>insimulatur,</span> <span class='ocrx_word' id='word_1_280' title='bbox 1345 1589 1417 1620; x_wconf 84' lang='lat' dir='ltr'>ibid.</span> 
     </span>
     <span class='ocr_line' id='line_1_33' title="bbox 267 1631 1419 1674; baseline -0.003 -9"><span class='ocrx_word' id='word_1_281' title='bbox 267 1636 425 1666; x_wconf 87' lang='lat' dir='ltr'>submittit</span> <span class='ocrx_word' id='word_1_282' title='bbox 440 1635 537 1665; x_wconf 86' lang='lat' dir='ltr'>fasces</span> <span class='ocrx_word' id='word_1_283' title='bbox 558 1633 692 1674; x_wconf 83' lang='lat' dir='ltr'>populo,</span> <span class='ocrx_word' id='word_1_284' title='bbox 707 1633 782 1662; x_wconf 79' lang='lat' dir='ltr'>ibid.</span> <span class='ocrx_word' id='word_1_285' title='bbox 805 1640 919 1672; x_wconf 85' lang='lat' dir='ltr'>purgat</span> <span class='ocrx_word' id='word_1_286' title='bbox 935 1633 977 1668; x_wconf 91' lang='lat' dir='ltr'>se,</span> <span class='ocrx_word' id='word_1_287' title='bbox 994 1632 1065 1662; x_wconf 85' lang='lat' dir='ltr'>ibid.</span> <span class='ocrx_word' id='word_1_288' title='bbox 1090 1632 1189 1662; x_wconf 75' lang='lat' dir='ltr'>Veliae</span> <span class='ocrx_word' id='word_1_289' title='bbox 1213 1633 1296 1662; x_wconf 84' lang='lat' dir='ltr'>aedes</span> <span class='ocrx_word' id='word_1_290' title='bbox 1319 1631 1419 1671; x_wconf 83' lang='lat' dir='ltr'>subji-</span> 
     </span>
     <span class='ocr_line' id='line_1_34' title="bbox 267 1674 1421 1716; baseline -0.003 -7"><span class='ocrx_word' id='word_1_291' title='bbox 267 1680 323 1715; x_wconf 82' lang='lat' dir='ltr'>cit,</span> <span class='ocrx_word' id='word_1_292' title='bbox 340 1678 413 1708; x_wconf 83' lang='lat' dir='ltr'>ibid.</span> <span class='ocrx_word' id='word_1_293' title='bbox 436 1677 520 1716; x_wconf 86' lang='lat' dir='ltr'>leges</span> <span class='ocrx_word' id='word_1_294' title='bbox 545 1677 585 1706; x_wconf 88' lang='lat' dir='ltr'>ab</span> <span class='ocrx_word' id='word_1_295' title='bbox 609 1686 647 1705; x_wconf 87' lang='lat' dir='ltr'>eo</span> <span class='ocrx_word' id='word_1_296' title='bbox 671 1676 757 1712; x_wconf 83' lang='lat' dir='ltr'>latae,</span> <span class='ocrx_word' id='word_1_297' title='bbox 775 1676 804 1705; x_wconf 88' lang='lat'>8.</span> <span class='ocrx_word' id='word_1_298' title='bbox 829 1684 1010 1713; x_wconf 88' lang='lat' dir='ltr'>cognomen</span> <span class='ocrx_word' id='word_1_299' title='bbox 1037 1674 1211 1705; x_wconf 86' lang='lat' dir='ltr'>Publicolae</span> <span class='ocrx_word' id='word_1_300' title='bbox 1235 1677 1262 1705; x_wconf 91' lang='lat' dir='ltr'>ei</span> <span class='ocrx_word' id='word_1_301' title='bbox 1286 1675 1421 1713; x_wconf 66' lang='lat' dir='ltr'>datum,</span> 
     </span>
     <span class='ocr_line' id='line_1_35' title="bbox 267 1717 1415 1757; baseline -0.001 -7"><span class='ocrx_word' id='word_1_302' title='bbox 267 1721 340 1752; x_wconf 81' lang='lat' dir='ltr'>ibid.</span> <span class='ocrx_word' id='word_1_303' title='bbox 374 1721 414 1751; x_wconf 86' lang='lat' dir='ltr'>ad</span> <span class='ocrx_word' id='word_1_304' title='bbox 442 1720 628 1750; x_wconf 81' lang='lat' dir='ltr'>Veientium</span> <span class='ocrx_word' id='word_1_305' title='bbox 654 1718 778 1748; x_wconf 87' lang='lat' dir='ltr'>belluni</span> <span class='ocrx_word' id='word_1_306' title='bbox 805 1718 1025 1757; x_wconf 82' lang='lat' dir='ltr'>proficiscitur,</span> <span class='ocrx_word' id='word_1_307' title='bbox 1053 1717 1124 1747; x_wconf 85' lang='lat' dir='ltr'>ibid.</span> <span class='ocrx_word' id='word_1_308' title='bbox 1159 1718 1270 1748; x_wconf 91' lang='lat' dir='ltr'>consul</span> <span class='ocrx_word' id='word_1_309' title='bbox 1299 1719 1415 1749; x_wconf 84' lang='lat' dir='ltr'>iterum</span> 
     </span>
     <span class='ocr_line' id='line_1_36' title="bbox 266 1760 1416 1801; baseline -0.003 -6"><span class='ocrx_word' id='word_1_310' title='bbox 266 1771 403 1801; x_wconf 86' lang='lat' dir='ltr'>creatur,</span> <span class='ocrx_word' id='word_1_311' title='bbox 428 1763 500 1793; x_wconf 85' lang='lat' dir='ltr'>ibid.</span> <span class='ocrx_word' id='word_1_312' title='bbox 535 1763 628 1792; x_wconf 80' lang='lat' dir='ltr'>caedit</span> <span class='ocrx_word' id='word_1_313' title='bbox 655 1762 813 1798; x_wconf 86' lang='lat' dir='ltr'>Etruscos,</span> <span class='ocrx_word' id='word_1_314' title='bbox 835 1770 884 1791; x_wconf 80' lang='grc' dir='ltr'>ιι.</span> <span class='ocrx_word' id='word_1_315' title='bbox 916 1767 1041 1791; x_wconf 84' lang='lat' dir='ltr'>creatur</span> <span class='ocrx_word' id='word_1_316' title='bbox 1063 1762 1192 1791; x_wconf 84' lang='lat' dir='ltr'>tertium</span> <span class='ocrx_word' id='word_1_317' title='bbox 1218 1760 1344 1798; x_wconf 87' lang='lat' dir='ltr'>consul,</span> <span class='ocrx_word' id='word_1_318' title='bbox 1366 1769 1416 1801; x_wconf 83' lang='lat'>15.</span> 
     </span>
     <span class='ocr_line' id='line_1_37' title="bbox 266 1803 1417 1847; baseline -0.003 -10"><span class='ocrx_word' id='word_1_319' title='bbox 266 1814 418 1847; x_wconf 84' lang='lat' dir='ltr'>quartum</span> <span class='ocrx_word' id='word_1_320' title='bbox 442 1805 565 1841; x_wconf 88' lang='lat' dir='ltr'>consul,</span> <span class='ocrx_word' id='word_1_321' title='bbox 587 1807 635 1836; x_wconf 85' lang='lat'>16.</span> <span class='ocrx_word' id='word_1_322' title='bbox 659 1805 770 1834; x_wconf 85' lang='lat' dir='ltr'>infesto</span> <span class='ocrx_word' id='word_1_323' title='bbox 785 1803 926 1834; x_wconf 88' lang='lat' dir='ltr'>exercitu</span> <span class='ocrx_word' id='word_1_324' title='bbox 952 1804 985 1833; x_wconf 91' lang='lat' dir='ltr'>in</span> <span class='ocrx_word' id='word_1_325' title='bbox 1009 1813 1121 1842; x_wconf 86' lang='lat' dir='ltr'>agrum</span> <span class='ocrx_word' id='word_1_326' title='bbox 1145 1804 1303 1834; x_wconf 86' lang='lat' dir='ltr'>Sabinum</span> <span class='ocrx_word' id='word_1_327' title='bbox 1321 1804 1417 1844; x_wconf 83' lang='lat' dir='ltr'>profi-</span> 
     </span>
     <span class='ocr_line' id='line_1_38' title="bbox 265 1847 1417 1887; baseline -0.003 -7"><span class='ocrx_word' id='word_1_328' title='bbox 265 1851 404 1887; x_wconf 88' lang='lat' dir='ltr'>ciscitur,</span> <span class='ocrx_word' id='word_1_329' title='bbox 421 1851 523 1879; x_wconf 81' lang='lat' dir='ltr'>hostes</span> <span class='ocrx_word' id='word_1_330' title='bbox 539 1849 646 1886; x_wconf 70' lang='lat' dir='ltr'>caedit,</span> <span class='ocrx_word' id='word_1_331' title='bbox 671 1855 701 1878; x_wconf 89' lang='lat' dir='ltr'>et</span> <span class='ocrx_word' id='word_1_332' title='bbox 727 1847 867 1877; x_wconf 86' lang='lat' dir='ltr'>Romam</span> <span class='ocrx_word' id='word_1_333' title='bbox 889 1847 969 1877; x_wconf 85' lang='lat' dir='ltr'>redit</span> <span class='ocrx_word' id='word_1_334' title='bbox 990 1847 1207 1886; x_wconf 89' lang='lat' dir='ltr'>triumphans,</span> <span class='ocrx_word' id='word_1_335' title='bbox 1224 1847 1295 1878; x_wconf 84' lang='lat' dir='ltr'>ibid.</span> <span class='ocrx_word' id='word_1_336' title='bbox 1319 1847 1417 1877; x_wconf 87' lang='lat' dir='ltr'>mori·</span> 
     </span>
     <span class='ocr_line' id='line_1_39' title="bbox 266 1890 1413 1932; baseline -0.003 -9"><span class='ocrx_word' id='word_1_337' title='bbox 266 1901 329 1929; x_wconf 85' lang='lat' dir='ltr'>tur,</span> <span class='ocrx_word' id='word_1_338' title='bbox 347 1893 447 1932; x_wconf 87' lang='lat' dir='ltr'>copiis</span> <span class='ocrx_word' id='word_1_339' title='bbox 471 1891 680 1922; x_wconf 85' lang='lat' dir='ltr'>familiaribus</span> <span class='ocrx_word' id='word_1_340' title='bbox 704 1891 783 1921; x_wconf 78' lang='lat' dir='ltr'>adeo</span> <span class='ocrx_word' id='word_1_341' title='bbox 807 1891 943 1929; x_wconf 85' lang='lat' dir='ltr'>exiguis,</span> <span class='ocrx_word' id='word_1_342' title='bbox 967 1896 1003 1920; x_wconf 91' lang='lat' dir='ltr'>ut</span> <span class='ocrx_word' id='word_1_343' title='bbox 1027 1890 1130 1920; x_wconf 85' lang='lat' dir='ltr'>funeri</span> <span class='ocrx_word' id='word_1_344' title='bbox 1147 1890 1271 1920; x_wconf 89' lang='lat' dir='ltr'>sumtus</span> <span class='ocrx_word' id='word_1_345' title='bbox 1287 1891 1413 1929; x_wconf 73' lang='lat' dir='ltr'>deesset,</span> 
     </span>
     <span class='ocr_line' id='line_1_40' title="bbox 266 1933 1300 1975; baseline -0.001 -10"><span class='ocrx_word' id='word_1_346' title='bbox 266 1936 338 1966; x_wconf 84' lang='lat' dir='ltr'>ibid.</span> <span class='ocrx_word' id='word_1_347' title='bbox 362 1937 400 1966; x_wconf 92' lang='lat' dir='ltr'>de</span> <span class='ocrx_word' id='word_1_348' title='bbox 417 1935 548 1975; x_wconf 86' lang='lat' dir='ltr'>publico</span> <span class='ocrx_word' id='word_1_349' title='bbox 563 1934 685 1964; x_wconf 88' lang='lat' dir='ltr'>elatum</span> <span class='ocrx_word' id='word_1_350' title='bbox 702 1933 812 1965; x_wconf 76' lang='lat' dir='ltr'>luxere</span> <span class='ocrx_word' id='word_1_351' title='bbox 825 1940 993 1970; x_wconf 64' lang='lat' dir='ltr'>matronae,</span> <span class='ocrx_word' id='word_1_352' title='bbox 1013 1939 1046 1963; x_wconf 92' lang='lat' dir='ltr'>ut</span> <span class='ocrx_word' id='word_1_353' title='bbox 1063 1933 1210 1972; x_wconf 87' lang='lat' dir='ltr'>Brutum,</span> <span class='ocrx_word' id='word_1_354' title='bbox 1226 1933 1300 1964; x_wconf 83' lang='lat' dir='ltr'>ibid.</span> 
     </span>
    </p>

    <p class='ocr_par' dir='ltr' id='par_1_11' title="bbox 222 1977 694 2017">
     <span class='ocr_line' id='line_1_41' title="bbox 222 1977 694 2017; baseline -0.006 -8"><span class='ocrx_word' id='word_1_355' title='bbox 222 1980 255 2009; x_wconf 81' lang='lat' dir='ltr'>P.</span> <span class='ocrx_word' id='word_1_356' title='bbox 274 1979 429 2015; x_wconf 81' lang='lat' dir='ltr'>Valerius,</span> <span class='ocrx_word' id='word_1_357' title='bbox 449 1977 573 2013; x_wconf 88' lang='lat' dir='ltr'>consul,</span> <span class='ocrx_word' id='word_1_358' title='bbox 594 1988 624 2014; x_wconf 86' lang='lat'>2,</span> <span class='ocrx_word' id='word_1_359' title='bbox 643 1986 694 2017; x_wconf 85' lang='lat'>52.</span> 
     </span>
    </p>

    <p class='ocr_par' dir='ltr' id='par_1_12' title="bbox 223 2018 1416 2188">
     <span class='ocr_line' id='line_1_42' title="bbox 223 2018 1416 2058; baseline -0.004 -6"><span class='ocrx_word' id='word_1_360' title='bbox 223 2023 257 2053; x_wconf 89' lang='lat' dir='ltr'>P.</span> <span class='ocrx_word' id='word_1_361' title='bbox 276 2022 418 2052; x_wconf 86' lang='lat' dir='ltr'>Valerius</span> <span class='ocrx_word' id='word_1_362' title='bbox 434 2021 569 2057; x_wconf 78' lang='lat' dir='ltr'>Potitus,</span> <span class='ocrx_word' id='word_1_363' title='bbox 586 2021 731 2050; x_wconf 86' lang='lat' dir='ltr'>tribunus</span> <span class='ocrx_word' id='word_1_364' title='bbox 748 2019 891 2049; x_wconf 90' lang='lat' dir='ltr'>militum</span> <span class='ocrx_word' id='word_1_365' title='bbox 907 2018 1064 2049; x_wconf 89' lang='lat' dir='ltr'>consulari</span> <span class='ocrx_word' id='word_1_366' title='bbox 1082 2019 1244 2058; x_wconf 83' lang='lat' dir='ltr'>potestate,</span> <span class='ocrx_word' id='word_1_367' title='bbox 1262 2019 1294 2054; x_wconf 88' lang='lat'>6,</span> <span class='ocrx_word' id='word_1_368' title='bbox 1312 2019 1342 2050; x_wconf 83' lang='lat'>6.</span> <span class='ocrx_word' id='word_1_369' title='bbox 1366 2018 1416 2048; x_wconf 89' lang='lat' dir='ltr'>so-</span> 
     </span>
     <span class='ocr_line' id='line_1_43' title="bbox 266 2060 1414 2104; baseline -0.004 -9"><span class='ocrx_word' id='word_1_370' title='bbox 266 2066 334 2095; x_wconf 72' lang='lat' dir='ltr'>cius</span> <span class='ocrx_word' id='word_1_371' title='bbox 352 2065 476 2104; x_wconf 89' lang='lat' dir='ltr'>imperii</span> <span class='ocrx_word' id='word_1_372' title='bbox 494 2074 511 2092; x_wconf 90' lang='lat' dir='ltr'>a</span> <span class='ocrx_word' id='word_1_373' title='bbox 528 2062 667 2093; x_wconf 79' lang='lat' dir='ltr'>Camillo</span> <span class='ocrx_word' id='word_1_374' title='bbox 689 2062 801 2099; x_wconf 63' lang='lat' dir='ltr'>lectus,</span> <span class='ocrx_word' id='word_1_375' title='bbox 820 2061 892 2092; x_wconf 86' lang='lat' dir='ltr'>ibid.</span> <span class='ocrx_word' id='word_1_376' title='bbox 916 2062 1062 2092; x_wconf 87' lang='lat' dir='ltr'>tribunus</span> <span class='ocrx_word' id='word_1_377' title='bbox 1088 2061 1232 2091; x_wconf 88' lang='lat' dir='ltr'>militum</span> <span class='ocrx_word' id='word_1_378' title='bbox 1256 2060 1414 2090; x_wconf 89' lang='lat' dir='ltr'>consulari</span> 
     </span>
     <span class='ocr_line' id='line_1_44' title="bbox 265 2103 1413 2148; baseline -0.003 -11"><span class='ocrx_word' id='word_1_379' title='bbox 265 2109 417 2148; x_wconf 83' lang='lat' dir='ltr'>potestate</span> <span class='ocrx_word' id='word_1_380' title='bbox 436 2108 566 2142; x_wconf 88' lang='lat' dir='ltr'>iterum,</span> <span class='ocrx_word' id='word_1_381' title='bbox 589 2108 635 2136; x_wconf 71' lang='grc' dir='ltr'>ιδ.</span> <span class='ocrx_word' id='word_1_382' title='bbox 661 2105 805 2141; x_wconf 86' lang='lat' dir='ltr'>tertium,</span> <span class='ocrx_word' id='word_1_383' title='bbox 823 2113 871 2141; x_wconf 87' lang='lat'><strong>27.</strong></span> <span class='ocrx_word' id='word_1_384' title='bbox 896 2111 1060 2143; x_wconf 87' lang='lat' dir='ltr'>quartum,</span> <span class='ocrx_word' id='word_1_385' title='bbox 1079 2113 1129 2142; x_wconf 84' lang='lat'>32.</span> <span class='ocrx_word' id='word_1_386' title='bbox 1153 2103 1260 2133; x_wconf 83' lang='lat' dir='ltr'>fundit</span> <span class='ocrx_word' id='word_1_387' title='bbox 1283 2103 1413 2134; x_wconf 86' lang='lat' dir='ltr'>Volscos</span> 
     </span>
     <span class='ocr_line' id='line_1_45' title="bbox 265 2148 1034 2188; baseline -0.005 -7"><span class='ocrx_word' id='word_1_388' title='bbox 265 2158 296 2181; x_wconf 91' lang='lat' dir='ltr'>et</span> <span class='ocrx_word' id='word_1_389' title='bbox 315 2151 453 2185; x_wconf 88' lang='lat' dir='ltr'>Latinos,</span> <span class='ocrx_word' id='word_1_390' title='bbox 470 2149 541 2178; x_wconf 81' lang='lat' dir='ltr'>ibid.</span> <span class='ocrx_word' id='word_1_391' title='bbox 566 2149 733 2188; x_wconf 88' lang='lat' dir='ltr'>quintum,</span> <span class='ocrx_word' id='word_1_392' title='bbox 751 2149 802 2185; x_wconf 84' lang='lat'>36.</span> <span class='ocrx_word' id='word_1_393' title='bbox 825 2148 965 2184; x_wconf 89' lang='lat' dir='ltr'>sextum,</span> <span class='ocrx_word' id='word_1_394' title='bbox 980 2157 1034 2186; x_wconf 80' lang='lat'>42.</span> 
     </span>
    </p>

    <p class='ocr_par' dir='ltr' id='par_1_13' title="bbox 219 2188 1239 2229">
     <span class='ocr_line' id='line_1_46' title="bbox 219 2188 1239 2229; baseline -0.006 -5"><span class='ocrx_word' id='word_1_395' title='bbox 219 2195 252 2224; x_wconf 80' lang='lat' dir='ltr'>P.</span> <span class='ocrx_word' id='word_1_396' title='bbox 272 2193 415 2224; x_wconf 84' lang='lat' dir='ltr'>Valerius</span> <span class='ocrx_word' id='word_1_397' title='bbox 430 2193 577 2227; x_wconf 83' lang='lat' dir='ltr'>Flaccus,</span> <span class='ocrx_word' id='word_1_398' title='bbox 593 2191 714 2229; x_wconf 82' lang='lat' dir='ltr'>legatus</span> <span class='ocrx_word' id='word_1_399' title='bbox 730 2191 770 2219; x_wconf 91' lang='lat' dir='ltr'>ad</span> <span class='ocrx_word' id='word_1_400' title='bbox 782 2189 980 2220; x_wconf 85' lang='lat' dir='ltr'>Annibalem</span> <span class='ocrx_word' id='word_1_401' title='bbox 996 2188 1119 2226; x_wconf 77' lang='lat' dir='ltr'>missus,</span> <span class='ocrx_word' id='word_1_402' title='bbox 1138 2198 1190 2225; x_wconf 81' lang='lat' dir='ltr'>zi,</span> <span class='ocrx_word' id='word_1_403' title='bbox 1209 2190 1239 2219; x_wconf 91' lang='lat'><strong>6.</strong></span> 
     </span>
    </p>

    <p class='ocr_par' dir='ltr' id='par_1_14' title="bbox 220 2232 1412 2318">
     <span class='ocr_line' id='line_1_47' title="bbox 220 2232 1412 2272; baseline -0.003 -6"><span class='ocrx_word' id='word_1_404' title='bbox 220 2237 253 2267; x_wconf 89' lang='lat' dir='ltr'>P.</span> <span class='ocrx_word' id='word_1_405' title='bbox 272 2237 415 2266; x_wconf 82' lang='lat' dir='ltr'>Valerius</span> <span class='ocrx_word' id='word_1_406' title='bbox 440 2235 584 2270; x_wconf 84' lang='lat' dir='ltr'>Flaccus,</span> <span class='ocrx_word' id='word_1_407' title='bbox 600 2233 722 2272; x_wconf 87' lang='lat' dir='ltr'>legatus</span> <span class='ocrx_word' id='word_1_408' title='bbox 739 2232 884 2262; x_wconf 86' lang='lat' dir='ltr'>Marcelli</span> <span class='ocrx_word' id='word_1_409' title='bbox 899 2234 931 2262; x_wconf 88' lang='lat' dir='ltr'>in</span> <span class='ocrx_word' id='word_1_410' title='bbox 953 2241 1062 2272; x_wconf 88' lang='lat' dir='ltr'>pugna</span> <span class='ocrx_word' id='word_1_411' title='bbox 1077 2233 1117 2262; x_wconf 86' lang='lat' dir='ltr'>ad</span> <span class='ocrx_word' id='word_1_412' title='bbox 1134 2232 1268 2269; x_wconf 86' lang='lat' dir='ltr'>Nolam,</span> <span class='ocrx_word' id='word_1_413' title='bbox 1287 2241 1340 2270; x_wconf 81' lang='lat'>23,</span> <span class='ocrx_word' id='word_1_414' title='bbox 1362 2233 1412 2262; x_wconf 82' lang='lat'>16.</span> 
     </span>
     <span class='ocr_line' id='line_1_48' title="bbox 265 2275 988 2318; baseline -0.003 -10"><span class='ocrx_word' id='word_1_415' title='bbox 265 2279 430 2318; x_wconf 61' lang='lat' dir='ltr'>praefefius</span> <span class='ocrx_word' id='word_1_416' title='bbox 444 2277 558 2314; x_wconf 83' lang='lat' dir='ltr'>claffis,</span> <span class='ocrx_word' id='word_1_417' title='bbox 578 2286 628 2316; x_wconf 84' lang='lat'>34.</span> <span class='ocrx_word' id='word_1_418' title='bbox 646 2282 673 2304; x_wconf 86' lang='lat' dir='ltr'>et</span> <span class='ocrx_word' id='word_1_419' title='bbox 691 2276 742 2314; x_wconf 80' lang='lat'>38.</span> <span class='ocrx_word' id='word_1_420' title='bbox 758 2275 824 2305; x_wconf 83' lang='lat' dir='ltr'>vid.</span> <span class='ocrx_word' id='word_1_421' title='bbox 841 2282 868 2304; x_wconf 84' lang='lat' dir='ltr'>et</span> <span class='ocrx_word' id='word_1_422' title='bbox 886 2277 938 2311; x_wconf 85' lang='lat'>26,</span> <span class='ocrx_word' id='word_1_423' title='bbox 958 2277 988 2305; x_wconf 83' lang='grc' dir='ltr'>ὃ.</span> 
     </span>
    </p>

    <p class='ocr_par' dir='ltr' id='par_1_15' title="bbox 219 2316 1353 2357">
     <span class='ocr_line' id='line_1_49' title="bbox 219 2316 1353 2357; baseline -0.004 -5"><span class='ocrx_word' id='word_1_424' title='bbox 219 2321 253 2352; x_wconf 81' lang='grc' dir='ltr'>Ρ.</span> <span class='ocrx_word' id='word_1_425' title='bbox 269 2321 410 2351; x_wconf 81' lang='lat' dir='ltr'>Valerius</span> <span class='ocrx_word' id='word_1_426' title='bbox 427 2320 574 2350; x_wconf 78' lang='lat' dir='ltr'>Laevinus</span> <span class='ocrx_word' id='word_1_427' title='bbox 590 2325 713 2349; x_wconf 88' lang='lat' dir='ltr'>creatur</span> <span class='ocrx_word' id='word_1_428' title='bbox 727 2325 853 2357; x_wconf 85' lang='lat' dir='ltr'>praetor,</span> <span class='ocrx_word' id='word_1_429' title='bbox 869 2325 900 2348; x_wconf 88' lang='lat' dir='ltr'>et</span> <span class='ocrx_word' id='word_1_430' title='bbox 917 2318 1042 2348; x_wconf 89' lang='lat' dir='ltr'>sortitur</span> <span class='ocrx_word' id='word_1_431' title='bbox 1056 2316 1210 2354; x_wconf 86' lang='lat' dir='ltr'>Galliam,</span> <span class='ocrx_word' id='word_1_432' title='bbox 1227 2326 1283 2356; x_wconf 87' lang='lat'>41,</span> <span class='ocrx_word' id='word_1_433' title='bbox 1304 2326 1353 2348; x_wconf 89' lang='lat'>12.</span> 
     </span>
    </p>

    <p class='ocr_par' dir='ltr' id='par_1_16' title="bbox 220 2359 1412 2489">
     <span class='ocr_line' id='line_1_50' title="bbox 220 2359 1411 2399; baseline -0.005 -5"><span class='ocrx_word' id='word_1_434' title='bbox 220 2365 255 2395; x_wconf 84' lang='lat' dir='ltr'>P.</span> <span class='ocrx_word' id='word_1_435' title='bbox 271 2364 412 2394; x_wconf 79' lang='lat' dir='ltr'>Valerius</span> <span class='ocrx_word' id='word_1_436' title='bbox 438 2363 612 2398; x_wconf 80' lang='lat' dir='ltr'>Publicola,</span> <span class='ocrx_word' id='word_1_437' title='bbox 641 2362 789 2398; x_wconf 84' lang='lat' dir='ltr'>interrex,</span> <span class='ocrx_word' id='word_1_438' title='bbox 808 2370 839 2399; x_wconf 86' lang='lat'>3,</span> <span class='ocrx_word' id='word_1_439' title='bbox 861 2362 891 2391; x_wconf 93' lang='lat'>8.</span> <span class='ocrx_word' id='word_1_440' title='bbox 916 2360 1024 2390; x_wconf 92' lang='lat' dir='ltr'>consul</span> <span class='ocrx_word' id='word_1_441' title='bbox 1050 2367 1185 2396; x_wconf 84' lang='lat' dir='ltr'>creatur,</span> <span class='ocrx_word' id='word_1_442' title='bbox 1209 2369 1256 2399; x_wconf 81' lang='lat'>¹5·</span> <span class='ocrx_word' id='word_1_443' title='bbox 1279 2359 1347 2397; x_wconf 82' lang='lat' dir='ltr'>ejus</span> <span class='ocrx_word' id='word_1_444' title='bbox 1370 2359 1411 2389; x_wconf 78' lang='lat' dir='ltr'>ad</span> 
     </span>
     <span class='ocr_line' id='line_1_51' title="bbox 264 2402 1412 2444; baseline -0.004 -7"><span class='ocrx_word' id='word_1_445' title='bbox 264 2407 408 2437; x_wconf 84' lang='lat' dir='ltr'>tribunos</span> <span class='ocrx_word' id='word_1_446' title='bbox 424 2413 455 2435; x_wconf 85' lang='lat' dir='ltr'>et</span> <span class='ocrx_word' id='word_1_447' title='bbox 471 2406 598 2444; x_wconf 86' lang='lat' dir='ltr'>plebem</span> <span class='ocrx_word' id='word_1_448' title='bbox 622 2405 733 2441; x_wconf 84' lang='lat' dir='ltr'>oratio,</span> <span class='ocrx_word' id='word_1_449' title='bbox 753 2412 800 2441; x_wconf 80' lang='lat'>¹7.</span> <span class='ocrx_word' id='word_1_450' title='bbox 823 2411 989 2443; x_wconf 87' lang='lat' dir='ltr'>oppugnat</span> <span class='ocrx_word' id='word_1_451' title='bbox 1004 2403 1216 2442; x_wconf 86' lang='lat' dir='ltr'>Capitolium,</span> <span class='ocrx_word' id='word_1_452' title='bbox 1232 2403 1271 2433; x_wconf 74' lang='lat' dir='ltr'>ab</span> <span class='ocrx_word' id='word_1_453' title='bbox 1288 2402 1412 2433; x_wconf 85' lang='lat' dir='ltr'>Herdo-</span> 
     </span>
     <span class='ocr_line' id='line_1_52' title="bbox 263 2445 1095 2489; baseline -0.001 -10"><span class='ocrx_word' id='word_1_454' title='bbox 263 2451 317 2480; x_wconf 86' lang='lat' dir='ltr'>nio</span> <span class='ocrx_word' id='word_1_455' title='bbox 334 2448 486 2489; x_wconf 85' lang='lat' dir='ltr'>servisque</span> <span class='ocrx_word' id='word_1_456' title='bbox 501 2455 713 2488; x_wconf 81' lang='lat' dir='ltr'>occupatum,</span> <span class='ocrx_word' id='word_1_457' title='bbox 734 2448 781 2478; x_wconf 69' lang='grc' dir='ltr'>ιδ.</span> <span class='ocrx_word' id='word_1_458' title='bbox 805 2447 1007 2485; x_wconf 82' lang='lat' dir='ltr'>interficitur,</span> <span class='ocrx_word' id='word_1_459' title='bbox 1023 2445 1095 2478; x_wconf 84' lang='lat' dir='ltr'>ibid.</span> 
     </span>
    </p>
   </div>
   <div class='ocr_carea' id='block_1_3' title="bbox 1552 1811 1572 2616">
    <p class='ocr_par' dir='ltr' id='par_1_17' title="bbox 1552 1811 1572 2616">
     <span class='ocr_line' id='line_1_53' title="bbox 1552 1811 1572 2616; baseline 0 0"><span class='ocrx_word' id='word_1_460' title='bbox 1552 1811 1572 2616; x_wconf 95' lang='lat' dir='ltr'> </span> 
     </span>
    </p>
   </div>
  </div>
 </body>
</html>
