1572 2616
262 145 344 189 154
692 147 1035 178 ROMANORUM

254 227 464 276 municipes
494 233 531 263 et
561 228 660 264 cives
691 228 851 264 Romani
881 236 998 268 erant.
1022 235 1059 265 et
1079 228 1250 279 suffragia
1272 231 1455 274 ferebant,

256 299 369 339 atque
399 291 632 341 magistratus
661 293 852 339 petebant.
913 292 1043 328 Quare
1072 293 1191 336 Curii,
1214 294 1458 337 Coruncanii,

256 356 390 398 Porcii,
423 356 605 404 Pompeii,
627 355 757 398 Marii,
779 355 910 399 Tullii,
941 363 979 392 et
1007 355 1139 404 reliqui
1170 369 1218 393 ex
1248 358 1459 406 municipiis

255 424 400 460 oriundi
423 423 664 472 amplissimos
680 423 813 459 Romae
834 423 994 459 honores
1013 423 1202 460 consecuti
1224 423 1318 461 sunt.
1361 425 1458 460 Haec

254 495 382 525 autern
405 501 477 537 qua
498 488 544 523 de
565 487 710 536 agimus
733 488 859 524 Porcia
878 499 983 536 gens,
998 487 1210 524 Tusculana
1230 489 1295 532 est,
1310 489 1459 526 auditore

258 552 457 589 Plutarcho
479 553 515 587 in
536 551 759 595 Censorino,
778 557 816 587 et
834 551 966 587 Tacito
986 552 1080 587 libro
1105 552 1331 589 undecimo:
1363 565 1459 601 quo-

256 619 372 655 modo
392 619 504 654 etiam
524 618 660 655 Cicero
677 617 772 653 libro
791 617 838 653 de
859 617 1021 666 Legibus
1043 617 1206 653 secundo
1222 618 1359 661 scribit,
1378 618 1459 667 Ego

254 695 319 719 me
341 681 506 725 hercule,
529 682 665 729 inquit,
688 689 726 717 et
746 681 813 725 illi,
836 688 874 717 et
893 681 1068 717 omnibus
1095 681 1347 730 municipibus
1367 681 1459 718 duas

254 746 329 783 effe
347 746 482 782 censeo
501 746 659 794 patrias:
691 757 806 782 unam
836 751 994 788 naturae,
1016 745 1172 782 alteram
1200 746 1382 782 civitatis:
1415 752 1458 782 ut

250 811 315 848 ille
347 812 456 854 Cato,
479 822 598 858 quum
625 809 715 846 effet
742 808 898 846 Tusculi
928 816 1049 852 natus,
1070 810 1108 845 in
1136 810 1266 858 populi
1294 810 1455 846 Romani

255 876 447 912 civitatem
475 874 664 922 susceptus
693 873 757 909 est.
815 874 948 921 Itaque
977 886 1098 921 quum
1118 880 1203 909 ortu
1220 873 1456 910 Tusculanus

253 938 358 982 effet,
379 939 528 974 civitate
558 938 765 980 Romanus,
787 936 917 973 habuit
937 936 1093 973 alteram
1113 936 1185 972 loci
1210 937 1382 985 patriam,
1401 937 1455 974 al-

255 1010 373 1040 teram
399 1001 507 1051 juris.
565 1002 627 1038 Est
655 1007 783 1037 autem
813 1000 874 1037 hic
907 1001 966 1037 M.
991 1001 1139 1037 Porcius
1159 1000 1256 1037 Cato
1282 1001 1455 1050 princeps

252 1067 366 1117 hujus
386 1067 520 1117 gentis,
542 1067 606 1115 qui
635 1065 777 1102 Priscus
807 1065 942 1114 primo,
962 1065 1112 1109 deinde,
1133 1066 1220 1114 quia
1248 1065 1454 1102 multarum

251 1144 381 1169 rerum
410 1131 519 1167 usum
546 1131 715 1173 haberet,
737 1131 848 1173 Cato,
880 1129 971 1165 teste
1002 1129 1214 1172 Plutarcho,
1246 1128 1454 1177 appellatus

252 1196 304 1232 est
322 1211 329 1232 :
362 1195 462 1243 quod
482 1205 692 1243 cognomen
715 1191 848 1240 posteri
869 1191 1118 1227 retinuerunt.
1174 1191 1283 1227 Idem
1300 1203 1452 1239 quoque

252 1272 274 1297 a
295 1259 448 1296 censura
476 1257 602 1294 severe
632 1255 896 1299 administrata,
918 1254 1144 1290 Censorinus
1165 1255 1282 1291 di6'ms
1302 1256 1354 1291 est
1373 1271 1380 1292 :
1413 1261 1453 1292 et

251 1326 290 1361 in
309 1323 457 1360 summa
478 1321 679 1363 seneuute,
701 1321 786 1369 quia
817 1319 933 1355 multa
952 1318 1032 1367 ejus
1054 1319 1092 1355 in
1111 1318 1252 1361 senatu,
1273 1318 1392 1355 multa
1414 1319 1450 1354 in

253 1389 351 1432 foro,
373 1387 431 1423 vel
462 1385 604 1437 provisa
634 1385 851 1434 prudenter,
872 1383 932 1419 vel
961 1383 1039 1420 acta
1069 1382 1289 1425 constanter,
1308 1382 1368 1419 vel
1391 1395 1450 1419 re-

252 1451 383 1501 sponsa
422 1457 530 1487 acute
568 1449 797 1491 ferebantur,
835 1448 1016 1496 Sapientis
1049 1459 1260 1496 cognomen
1294 1446 1450 1495 adeptus

252 1515 331 1551 est:
363 1514 460 1550 testis
480 1514 616 1550 Cicero
637 1513 683 1548 de
707 1511 854 1548 Officiis
884 1511 1007 1553 tertio,
1027 1516 1066 1546 et
1086 1511 1121 1546 in
1146 1509 1275 1545 Laelio.
1330 1507 1449 1557 Cujus

253 1577 475 1626 praeclarum
505 1577 543 1611 in
566 1574 742 1623 Hispania
771 1581 1066 1610 monumentum
1097 1572 1158 1608 tali
1192 1584 1306 1619 quarn
1334 1569 1449 1619 subji-

251 1643 349 1679 ciam
369 1642 607 1691 inscriptione
627 1649 769 1683 extare,
789 1639 903 1676 refert
923 1639 1153 1689 Augustinus
1172 1638 1392 1674 Nerrueius.

537 1782 720 1807 PALLADI
751 1782 948 1806 VICTRICI
983 1781 1166 1805 SACRUM.

302 1848 381 1872 HIC
402 1847 592 1871 HOSTIUM
613 1845 841 1870 REL‘IQUIAS
865 1844 1152 1869 PROFLIGAVIT
1177 1842 1302 1871 CATO,
1319 1843 1389 1867 UBI

305 1910 527 1936 SACELLUM
554 1909 659 1933 MtRO
693 1909 911 1932 ARTIFICIO
936 1907 1180 1936 CONDITUM,
1203 1906 1252 1929 ET
1275 1906 1389 1930 AERE-

305 1975 363 1999 AM
386 1973 592 1998 PALLADlS
619 1972 818 1996 EFFtGIEM
847 1971 1068 1995 RELIQUIT.
1101 1970 1293 1994 PAREANT
1320 1970 1389 1994 ER-

301 2039 357 2063 Go
381 2038 431 2061 ET
454 2036 649 2060 NOSCANT
673 2035 828 2066 OMNES,
852 2034 1036 2058 SENATUS
1059 2034 1108 2058 ΕΤ
1131 2032 1284 2056 POPULI
1315 2033 1389 2056 Ro·

303 2101 411 2126 MANI
450 2099 666 2123 IMPERIUM
698 2098 875 2122 DEORUM
914 2097 1083 2121 NUMlNE
1114 2097 1165 2121 ET
1196 2096 1386 2120 MILITUM

302 2163 596 2190 FORTITUDINE
621 2163 668 2186 Er
689 2162 817 2186 TUER!
842 2162 891 2186 ET
915 2161 1032 2186 REGI.
