1572 2616
448 167 818 199 HISTORIARUM
856 168 1061 197 LIBROS·
1268 168 1344 198 101

203 249 312 280 millus
327 249 472 286 dietator,
487 249 603 289 eosque
619 258 760 290 pugnare
777 248 883 286 jubet,
899 255 930 278 et
946 248 1060 284 vincit,
1075 256 1130 288 49.
1153 247 1271 279 iterum
1294 255 1348 278 eos

202 293 310 329 caedit,
328 294 370 324 ita
386 300 420 323 ut
434 303 474 322 ne
491 294 629 323 nuncius
644 292 775 331 quidem
793 291 933 331 superfit,
949 291 1022 322 ibid.

160 334 245 366 Galli
262 336 384 366 rursum
402 338 576 366 vincuntur
591 346 608 366 a
625 335 777 372 Camillo,
797 336 829 370 6,
846 345 899 375 42.

245 379 284 408 ad
307 381 438 409 tertium
453 379 607 418 lapidem,
625 378 744 409 Salaria
768 380 830 411 via,
848 385 934 408 trans
952 383 1083 417 pontem
1099 376 1234 407 Anienis
1249 377 1349 408 castra

202 422 334 455 habent,
353 430 385 459 7,
403 432 432 461 9.
457 423 523 462 post
547 423 664 452 caesurn
683 432 701 452 a
715 422 755 451 T.
776 421 900 451 Manlio
916 421 1049 451 Gallum
1072 421 1192 450 eximia
1208 421 1349 459 corporis

201 466 436 503 magnitudine,
455 465 640 505 relinquunt
663 465 781 504 trepide
805 466 915 498 castra,
933 474 1048 504 9—11.
1073 464 1135 494 alia
1151 473 1228 494 cum
1246 463 1350 493 Gallis

200 507 296 544 bella,
315 519 346 546 2,
368 517 503 549 12—15.
520 519 571 548 23.
589 519 640 549 24.
657 515 687 538 et
705 517 755 548 25.
779 510 812 545 8,
829 518 880 539 20.
904 517 1012 548 pugna
1035 507 1085 539 M.
1100 507 1216 537 Valerii
1239 506 1350 546 Corvi,

202 557 229 588 7,
246 552 296 581 26.

242 603 319 623 curn
337 594 438 624 Gallis
461 604 574 634 pacem
598 594 719 632 ingenti
743 595 878 633 pecunia
895 594 1056 624 redimunt
1073 593 1206 628 Etrusci,
1227 601 1278 629 10,
1298 602 1348 625 10.

199 645 312 667 eorum
334 638 454 668 auxilia
477 638 623 668 mercede
645 637 812 667 sollicitata
827 647 845 667 a
861 637 1063 668 Samnitibus
1077 645 1109 667 et
1125 637 1275 674 Etruscis,
1295 637 1347 675 18,

198 689 251 710 21.

156 722 240 753 Galli
258 723 399 753 Senones
414 723 520 753 delent
536 723 695 761 legionem
715 723 912 758 Romanam,
934 733 985 759 10,
1005 723 1054 754 26.

156 765 366 804 Galli‚junfti
383 776 458 796 cum
477 767 626 803 Etruscis,
643 766 856 804 Samnitibus,
870 767 1014 803 Umbris,
1031 767 1206 796 vincuntur
1218 765 1252 795 in
1269 765 1348 795 Sen-

199 810 289 839 tinati
308 819 394 848 agro,
417 820 467 845 to,
494 817 542 845 27*
561 818 590 838 et
610 820 659 849 29.

155 852 323 882 Gallorum
342 854 372 882 in
398 853 502 889 ltalia,
527 853 581 882 sub
609 853 698 882 initia
722 852 797 882 belli
816 852 1013 887 Annibalici‚
1037 858 1158 889 motus,
1177 861 1230 888 21,
1248 860 1300 892 25.
1316 856 1349 881 et

201 896 251 925 26.
276 903 306 925 et
321 897 430 926 incerti
447 906 484 926 ac
499 896 692 926 fluctuantes
705 896 819 931 animi,
836 905 887 934 39.
903 904 933 926 et
950 905 999 935 52.
1020 906 1070 930 22,
1089 907 1115 926 ι.

156 938 240 968 Galli
254 939 454 978 Transalpini
467 939 576 968 frustra
592 939 800 969 sollicitantur
816 948 834 968 a
851 940 960 978 legatis
977 939 1132 968 Romanis
1145 945 1257 967 contra
1278 937 1348 967 Poe-

199 991 271 1017 nos,
291 992 343 1018 2¹,
358 992 410 1013 20.
427 983 466 1011 ab
482 982 644 1012 Annibale
659 984 775 1022 partim
792 982 884 1012 donis
894 983 1069 1018 conciliati,
1085 983 1199 1021 partim
1213 982 1243 1010 vi
1260 980 1348 1018 victi,

202 1034 253 1063 23-
273 1034 367 1064 24.et
387 1026 524 1056 26—28.

243 1068 276 1097 in
295 1068 460 1098 Venetiam
488 1067 674 1107 transgressi,
693 1077 745 1108 39,
765 1077 815 1098 22.
839 1067 1044 1106 expelluntur
1065 1077 1083 1097 a
1107 1067 1276 1100 Romanis,
1296 1075 1348 1105 54.

198 1109 348 1148 legationi
365 1112 453 1151 super
468 1121 503 1140 ea
523 1121 552 1140 re
570 1112 667 1141 miflzae
691 1112 729 1141 ad
749 1111 976 1150 Transalpinos
999 1111 1134 1150 populos
1149 1110 1286 1148 benigne
1301 1118 1350 1139 re-

197 1153 382 1192 spondetur,
399 1155 470 1185 ibid,
484 1161 512 1182 et
527 1163 577 1193 55.

156 1196 204 1226 De
221 1196 301 1226 rebus
314 1197 399 1236 gestis
419 1197 544 1236 Caefizris
558 1197 697 1237 adveffizs
716 1196 828 1226 Gallos.
845 1197 910 1227 vid.
928 1197 964 1227 C.
980 1196 1084 1226 Julius
1105 1196 1221 1227 Caesar,

154 1238 323 1270 Gallorum
344 1250 459 1271 manus
475 1242 506 1269 in
525 1240 703 1280 Hercynios
716 1239 810 1270 saltus
823 1240 926 1276 milla,
943 1248 975 1280 5,
995 1249 1043 1280 24.

153 1281 321 1313 Gallorum
341 1284 372 1313 in
386 1284 494 1314 Asiam
512 1289 671 1320 tranlitus,
688 1285 741 1323 38,
757 1286 811 1314 ⁷16.
829 1285 1018 1323 Gallograeci
1032 1285 1197 1320 dicuntur,
1215 1289 1265 1319 17.
1279 1279 1348 1312 vid.

197 1325 399 1365 Gallograeci.
1020 1328 1024 1329 ⁷

153 1366 322 1397 Gallorum
338 1370 494 1400 auxilium
512 1381 529 1400 a
548 1371 653 1400 Perseo
668 1381 722 1410 per
737 1371 902 1402 avaritiam
919 1370 1096 1406 dimissum,
1110 1380 1164 1409 44,
1185 1378 1235 1405 27.

154 1410 255 1440 Gallis
270 1421 398 1449 procera
413 1422 557 1452 corpora,
575 1414 730 1453 promifl'ae
747 1422 778 1444 et
793 1414 930 1444 rutilatae
943 1423 1056 1446 comae¹
1077 1415 1128 1451 38,
1151 1421 1198 1448 17.
1216 1419 1348 1450 corpora

198 1453 471 1485 intolerantissima
495 1457 609 1485 laboris
631 1465 727 1494 atque
750 1459 856 1491 a‘stus,
884 1466 933 1492 10,
961 1457 1010 1486 28.
1035 1457 1161 1485 humori
1187 1462 1217 1484 et
1241 1454 1347 1491 frigori

196 1496 326 1533 assueta,
347 1505 374 1536 5,
391 1509 444 1538 49.
467 1508 597 1536 corpora
614 1500 650 1528 iis
666 1507 695 1528 et
712 1500 812 1529 animi
837 1508 955 1538 magna
980 1500 1092 1537 magis,
1110 1507 1213 1537 quam
1239 1498 1345 1534 firma,

198 1545 231 1578 5,
259 1549 311 1576 42.
337 1541 450 1570 molles
478 1542 516 1570 ad
542 1541 656 1571 laboris
683 1543 850 1581 longaeque
880 1552 938 1572 viae
966 1543 1072 1577 taedia,
1100 1552 1152 1576 22,
1181 1551 1209 1571 2.
1233 1549 1347 1570 eorum

197 1582 309 1611 mollia
325 1590 354 1612 et
370 1583 469 1613 fluida
491 1593 634 1623 corpora,
652 1586 788 1615 minime
805 1586 957 1625 patientia
980 1585 1055 1622 litis,
1072 1585 1220 1614 decedere
1239 1592 1348 1623 pugna

195 1626 293 1663 cogit,
313 1635 364 1665 34,
380 1635 434 1666 47.
458 1628 561 1666 prima
581 1638 692 1658 eorum
710 1629 819 1667 proelia
836 1628 919 1668 plus,
936 1638 1037 1667 quam
1059 1630 1213 1664 virorum,
1231 1628 1348 1666 postre-

197 1677 251 1697 ma
269 1669 388 1705 minus,
407 1680 505 1708 quam
523 1670 730 1708 feminarum,
754 1681 804 1708 10,
823 1673 874 1703 28.

153 1709 252 1747 Galli,
275 1721 351 1748 gens
376 1721 451 1742 nata
476 1714 507 1743 in
532 1723 631 1743 vanos
655 1715 827 1749 tumultm,
851 1722 882 1753 5,
900 1722 940 1752 37
968 1721 996 1743 et
1013 1723 1064 1752 39.
1079 1714 1144 1744 vid.
1167 1720 1195 1742 et
1220 1713 1273 1750 38,
1295 1719 1344 1749 17.

194 1753 447 1794 haudquaquam
465 1756 628 1796 negligens
647 1757 853 1796 religionum,
870 1765 902 1798 5,
919 1758 971 1796 46.
994 1758 1062 1788 auri
1084 1756 1274 1795 avidissima,
1291 1764 1345 1792 21,

196 1805 246 1826 20.

151 1837 236 1868 Galli
255 1839 285 1868 in
302 1841 479 1871 concilium
496 1842 628 1872 veniunt
641 1844 768 1879 armati,
786 1843 857 1873 ibid.

151 1881 296 1919 —super
312 1884 503 1913 umbilicum
523 1894 666 1924 pugnant
682 1887 774 1922 nudi,
793 1896 845 1920 22,
861 1886 914 1925 46.
941 1886 993 1925 38,
1012 1894 1064 1917 21·

151 1940 195 1946 ——
210 1933 249 1953 ex
266 1925 356 1954 calx-a
374 1926 512 1956 hostium
532 1928 646 1965 pocula
661 1929 798 1967 faciunt,
816 1939 869 1968 23,
887 1939 938 1969 24.

153 1966 320 1997 Gallorum
335 1970 431 2003 acies,
453 1971 504 2007 38,
524 1972 573 2000 26.

151 2025 195 2033 ·—-
210 2018 311 2046 arma,
331 2022 382 2047 22,
397 2015 450 2050 46.
476 2014 529 2050 38,
548 2021 595 2049 17.

152 2052 266 2083 Gallus
283 2061 312 2083 et
329 2054 421 2084 Galla
440 2056 499 2085 vivi
515 2056 732 2093 defodiuntur,
753 2067 804 2093 22,
823 2064 874 2096 57.

152 2095 254 2124 Gallae
271 2097 435 2133 cujuldam
454 2098 591 2133 facinu<,
609 2100 662 2137 38,
680 2110 729 2138 24.

152 2137 317 2168 Gallicum
339 2149 453 2169 aurum
470 2141 624 2172 occultari
649 2151 666 2171 a
692 2142 847 2179 Patribus,
863 2141 1052 2174 criminatur
1067 2141 1114 2172 M.
1132 2139 1288 2177 Manlius,
1307 2142 1340 2178 6,

200 2189 247 2218 ¹4·

150 2223 292 2253 Gallicus
308 2233 393 2263 ager,
409 2226 468 2264 qui·
481 2225 648 2257 Gallorum
667 2228 834 2259 Senonum
848 2227 962 2267 fuerat,
977 2228 1097 2260 viritim
1119 2226 1240 2267 populo
1260 2226 1341 2257 divi-

195 2265 257 2301 (υς)
276 2275 328 2303 23⁹
350 2277 397 2306 ¹4·
423 2277 475 2306 39»
493 2278 545 2307 44-
569 2280 623 2307 42,
640 2279 671 2309 4·
730 2271 735 2277 ⁸

151 2307 295 2337 Gallicus
311 2308 409 2346 sinus,
422 2311 487 2340 vid.
501 2312 606 2342 Sinus.

151 2351 296 2380 Gallicus
313 2353 483 2389 turnultus,
503 2361 530 2389 7,
548 2365 578 2394 9.
595 2361 626 2384 et
647 2365 693 2386 ιι.

151 2393 374 2433 Gallograecia,
391 2404 442 2434 37,
459 2397 491 2428 8.
517 2399 568 2434 38,
590 2407 638 2429 12.
