1572 2616
196 162 250 195 22
612 165 951 196 ROMANORUM

198 244 378 282 Libenter
405 249 534 282 autem
564 244 736 283 affentior
767 244 1058 291 Halicarnaffeo,
1091 245 1233 284 auetori
1260 255 1388 282 rerum

199 309 468 352 Romanarum,
483 308 628 358 judicio
656 310 948 348 doc'tiffimorum
975 310 1188 354 hominurn,
1208 322 1297 347 curn
1316 311 1391 359 pri-

199 374 272 410 mis
291 374 391 410 bono
416 381 455 411 et
482 372 665 423 religioso.
723 374 931 425 Utcunque
961 382 1089 412 autem
1109 374 1146 412 se
1164 387 1221 412 res
1241 374 1390 418 habeat,

199 444 352 487 apparet
375 444 476 475 certe
504 439 701 487 Pomponii
720 439 758 475 J.
780 439 827 476 C.
856 445 1036 483 erratum,
1058 439 1123 488 qui
1142 440 1179 476 in
1200 439 1264 476 lib.
1284 439 1318 475 ii.
1340 438 1392 475 D.

201 500 249 537 de
268 500 410 550 origine
420 498 528 547 juris,
549 500 596 537 fic
616 500 756 546 scribit,
779 501 856 540 Qui
878 500 950 539 fuit'
969 502 1039 539 illis
1060 501 1290 551 temporibus
1310 492 1410 549 qui-„

201 563 270 600 bus
300 564 525 611 Tarquinius
558 563 748 612 Superbus
777 564 969 601 Damarati
1000 564 1125 601 filius:
1156 576 1244 600 cum
1277 575 1395 612 nepos

202 629 260 674 fit,
288 629 313 666 fi
341 629 465 673 Livio,
499 628 526 665 fi
558 628 738 678 Dionyfio
767 629 971 673 credimus,
1001 640 1197 678 pronepos,
1255 628 1396 676 Neque

200 693 303 729 enim
325 692 362 728 id
379 693 480 742 quod
509 692 652 737 Zafius,
668 691 1018 741 jurisconsultorum
1036 692 1134 729 illius
1154 691 1270 728 aetatis
1286 690 1396 727 facile

199 759 389 808 princep5‚
417 758 478 794 cui
507 757 697 806 suffragari
718 758 864 794 videtur
885 758 1065 802 Alciatus,
1085 756 1223 800 scribit,
1243 756 1311 792 filii
1332 769 1397 805 ap-

202 821 405 870 pellatione
421 827 600 869 nepotem
614 821 809 861 contineri,
825 821 954 857 locum
970 820 1041 856 hoc
1059 821 1096 856 in
1114 831 1251 869 genere
1270 819 1396 855 ullum

203 884 329 921 habet.
386 884 491 921 Nam
517 891 559 920 ut
588 884 681 920 illud
712 884 899 927 omittam,
920 883 1020 932 quod
1047 881 1142 931 saepe
1171 893 1219 917 ne
1247 881 1285 916 ‘m
1308 878 1396 929 jure

204 948 361 997 quidem
391 948 490 984 civili
521 947 593 983 hoc
624 960 757 984 verum
791 948 855 992 est,
886 948 966 996 quis
999 959 1076 983 non
1110 946 1210 983 videt.
1237 944 1396 981 historiae

206 1012 447 1061 scriptionem
465 1012 512 1047 ab
531 1011 598 1047 isto
618 1011 828 1048 subtilitatis
848 1023 985 1061 genere
1005 1011 1115 1060 plane
1129 1010 1287 1046 alienam
1307 1007 1395 1053 effe,

208 1075 247 1112 in
266 1087 341 1125 qua
358 1074 471 1112 solida
490 1081 528 1112 et
542 1075 706 1124 expreffa
728 1076 780 1112 rei
798 1075 940 1125 effigies
954 1074 1193 1116 desideratur,
1212 1084 1282 1108 nec
1302 1070 1397 1108 fietis

210 1145 249 1176 et
267 1139 493 1178 adumbratis
512 1140 622 1176 rebus
640 1139 714 1177 loci
733 1139 937 1188 quicquam
953 1137 1026 1175 effe
1046 1136 1188 1187 potest?
