1572 2616
489 107 721 136 PLEBEIAE
757 106 978 136 GENTES·
1241 100 1320 150 175

133 185 328 223 consulibus,
341 186 467 216 decimo
483 185 570 216 sexto
587 187 654 226 post
669 185 817 217 exsilium
832 186 950 223 mense,
966 185 1065 226 pridie
1083 194 1161 215 non.
1175 185 1324 223 Sextiles,

132 228 253 267 ingenti
269 230 420 259 omnium
436 229 586 259 ordinum
603 229 704 259 studio
726 229 867 259 Romam
892 229 1042 266 reversus,
1060 228 1176 258 domus
1193 229 1324 268 sumptu

132 272 263 309 publico
286 271 456 302 aedificata.
500 272 565 302 Dio
580 271 662 302 libro
678 272 815 302 xxxviii.
831 278 861 301 et
878 272 994 302 xxxix.
1040 272 1188 310 Epitome
1204 272 1267 301 ciii.
1291 277 1325 301 et

132 314 194 344 civ.
240 315 278 345 In
296 314 494 345 orationibus
510 315 577 354 post
594 315 754 344 reditum:
780 324 837 354 pro
860 315 991 344 Sextio:
1017 315 1050 343 in
1074 314 1241 344 Pisonem:
1267 323 1328 352 pro

130 355 262 387 Plancio
277 370 284 388 :
309 358 347 387 de
366 357 501 396 Legibus
516 357 616 387 tertio.
655 358 707 388 Ad
722 357 868 387 Atticum
887 357 931 387 iii.
947 363 979 387 et
994 357 1034 386 iv.
1068 356 1235 393 Marcello,
1252 356 1327 386 Sul-

130 400 214 437 picio
229 409 311 430 coss.
356 399 396 429 ln
419 399 570 430 Ciliciam
593 409 649 438 pro
673 399 802 430 consule
820 400 990 439 ρῐοὶεξὶυε,
1010 400 1163 436 Eranam,
1181 400 1325 438 itemque

129 441 297 482 Sepyram,
312 442 526 479 Ceminorim,
540 448 571 472 et
584 442 888 473 Eleutherocilicum
902 442 1120 478 Pindeliffum,
1134 451 1252 480 magna
1265 443 1326 472 ho-

129 485 225 515 stium
241 485 451 515 multitudine
465 485 569 515 occisa
585 486 680 524 cepit.
724 485 902 515 Tibaranos
914 486 949 515 in
966 485 1161 514 deditionem
1183 486 1324 524 accepit,

128 528 341 565 quamobrem
370 528 547 567 Imperator
571 528 751 567 appellatus
777 529 842 558 est:
867 527 1176 567 supplicationesque
1202 527 1324 557 absenti

128 571 276 608 decretae,
301 578 332 600 et
357 571 553 609 triumphu&
591 571 684 600 Libro
697 580 752 601 xv.
769 571 868 610 Epist.
882 571 922 600 ad
938 570 1109 608 Catonem,
1125 577 1157 600 et
1173 570 1212 599 ad
1240 571 1326 600 Atti-

128 622 206 643 cum
222 622 254 643 v.
288 612 378 643 Bello
400 613 486 643 civili
508 613 719 652 Pompeianas
743 620 845 652 partes
868 613 1006 650 secutus,
1030 614 1079 642 his
1103 612 1287 652 profligatis,
1303 621 1327 642 a.

126 655 249 686 Caesare
274 656 307 685 in
336 657 470 695 gratiam
499 663 656 695 receptus,
699 656 764 687 Dio
779 656 836 686 xli.
852 661 884 685 et
906 655 973 686 xlii.
993 656 1032 685 ad
1047 656 1195 685 Atticum
1213 656 1266 684 vii.
1289 659 1325 685 et

125 698 342 738 sequentibus.
378 698 448 728 Post
463 698 559 736 cujus
573 699 711 736 caedem,
728 707 833 737 quum
849 698 953 728 multa
969 698 1118 738 praeclare
1133 698 1166 727 in
1183 696 1323 736 republi-

123 749 164 771 ca
185 740 330 781 geffisset‚
347 749 366 770 a
386 741 578 771 Triumviris
602 741 808 780 proscriptus,
823 741 948 771 occisus
971 741 1018 772 est.
1037 750 1124 771 anno
1146 741 1248 770 aetatis
1267 741 1323 779 63.

124 783 195 820 ejus
211 790 309 823 caput
323 793 401 814 cum
418 793 519 814 manu
544 784 654 813 dextra
678 793 735 822 pro
758 784 861 814 rostris
884 783 1036 822 positum.
1080 783 1230 822 Epitome
1244 792 1321 814 cxx.

122 825 314 857 Plutarchus
339 826 372 856 in
394 828 471 858 vita.
514 826 685 866 Appianus
700 825 781 856 libro
797 827 841 856 iv.
885 826 949 856 Dio
971 825 1027 857 lib.
1042 825 1134 855 xlvii.
1180 825 1323 856 Velleius

122 868 182 899 lib.
199 869 231 899 ii.
278 868 390 899 Florus
404 868 461 899 lib.
477 869 519 899 iv.
535 878 606 909 cap.
625 876 656 910 5.
701 868 876 909 Eutropius
891 868 948 901 lib.
961 869 1016 901 vii.
1061 867 1205 899 Valerius
1227 867 1284 900 lib.
1296 868 1324 901 i.

123 920 240 952 cap.4.
256 918 289 941 et
304 911 360 943 lib.
377 921 408 942 v.
425 920 496 951 cap.
509 921 541 951 3.

117 995 174 1029 M.
190 995 376 1027 TULLIUS
399 996 449 1029 M.
465 995 499 1027 F.
517 996 566 1028 M.
582 995 626 1027 N.
642 996 811 1028 CICERO.
847 996 1005 1028 Pontifex.
1043 996 1163 1028 Consul
1185 1004 1263 1027 cum
1280 996 1320 1028 C.

123 1038 226 1075 sulio,
251 1048 338 1072 anno
362 1046 434 1078 723.
481 1039 642 1079 Imagines
665 1040 801 1070 Antonii
825 1039 1094 1070 senatusconsulto
1118 1039 1252 1076 sustulit,
1280 1048 1320 1070 ac

123 1090 166 1110 ne
189 1082 262 1120 quis
283 1083 503 1113 Antoniorum
526 1083 658 1112 Marcus
678 1081 900 1122 appellaretur,
917 1083 1028 1114 edixit.
1071 1082 1261 1113 Plutarchus
1285 1083 1321 1112 in

122 1123 290 1157 Cicerone.
332 1125 397 1158 Dio
419 1124 500 1158 libro
521 1124 557 1159 li.
599 1125 771 1158 Proconsul
798 1125 925 1167 Syriam
952 1125 1104 1159 obtinuit.
1148 1124 1328 1166 Appiauusz

122 1165 205 1205 libro
220 1166 262 1199 iv.
