1572 2616
218 167 274 200 20
566 166 736 197 INDEX
771 169 827 197 IN
863 169 909 198 Τ.
935 169 1067 199 mvn

216 245 394 285 Antigonia
408 245 506 286 Epiri,
522 255 575 285 32,
593 256 623 287 5.
646 257 701 287 43,
717 255 768 288 25.

216 288 395 327 Antigonia
410 289 624 327 Macedoniae,
640 300 697 330 44,
717 301 765 321 10.

216 332 372 370 Antigoni
401 333 655 372 apophthegma‚
673 343 707 373 4,
725 344 776 364 21.

216 375 414 414 Antigonus,
439 376 621 406 Echecratis
638 376 733 412 filius,
750 386 805 416 40,
824 383 876 416 54.
917 375 1106 416 Philippum
1127 376 1238 407 edocet
1254 377 1400 409 ordinem

261 427 398 448 omnem
420 418 606 449 insidiarum
626 419 721 449 Persei
741 421 773 449 in
788 420 1006 456 Demetrium,
1024 427 1075 459 55.
1092 429 1168 449 eum
1190 419 1243 450 sibi
1267 422 1401 451 destinat

262 461 474 492 successorem
499 461 678 501 Philippus,
703 465 754 502 56.
772 462 893 501 legatus
916 462 1026 492 missus
1054 463 1092 492 ad
1117 463 1325 494 concitandos
1341 465 1401 494 Ba-

261 504 393 542 starnas,
412 512 463 544 57.
480 514 556 535 eum
567 505 716 535 interficit
732 505 869 541 Perseus,
889 506 940 546 58.

217 546 415 619 Antigongs,
432 555 622 586 purpuratus
640 548 750 585 Persei,
767 558 823 588 44,
841 550 892 579 26.
916 549 1055 578 mittitur
1069 548 1203 579 AEniam
1219 558 1297 580 cum
1313 548 1402 580 mille

261 596 360 628 equiti
385 599 434 626 us,
454 599 504 627 32.

218 632 246 660 A
253 632 450 669 ntimachus,
465 632 629 672 praefectus
645 632 703 662 alae
720 633 826 670 sacrae,
845 634 878 663 in
895 634 962 664 acie
977 634 1075 671 cadit,
1089 644 1145 674 42,
1164 635 1216 664 66.

217 675 451 711 Antimachus,
466 676 629 714 praefeetus
641 676 868 713 Demetriadis,
884 686 939 716 44,
959 687 1008 715 13.
1026 687 1076 715 24.

218 717 395 754 Antinous,
412 719 560 758 princeps
575 720 712 748 civitatis
731 719 915 756 Passamnis,
929 720 1069 750 desciscit
1092 729 1110 749 a
1132 719 1288 750 Romanis
1303 724 1335 749 et
1356 718 1407 748 in-

263 760 430 798 terficitur,
443 769 498 801 45,
516 763 567 793 26

218 802 408 839 Antiochia,
429 812 617 844 33,19.41.
644 805 697 842 38,
714 814 762 843 13.
787 804 948 844 templum
963 806 1051 835 Jovis
1067 805 1239 844 Capitolini
1257 803 1407 843 magnifi-

264 854 341 875 cum
358 847 555 883 Antiochiae,
571 856 625 887 41,
644 855 693 886 25.

218 887 404 919 Antiochus
422 890 574 928 Magnus,
593 900 646 919 rex
672 891 783 930 Syriae,
803 890 907 920 foedus
931 890 987 920 icit
1009 900 1085 920 cum
1102 890 1266 929 Philippo,
1285 898 1337 928 31,
1350 898 1407 937 14.

263 930 388 962 bellum
403 934 635 982 transitumque
660 934 693 963 in
710 933 871 981 Europam
894 933 1038 970 molitur,
1058 943 1111 972 33,
1133 942 1181 971 13.
1199 941 1313 962 omnes
1328 932 1409 961 civi-

262 979 345 1004 tates
359 975 547 1006 Ptolemaei
542 987 573 1006 in
589 976 800 1017 Cale-Syria'
795 986 828 1006 in
843 977 932 1006 suam
949 978 1136 1016 potestatem
1152 975 1276 1014 redigit,
1296 984 1345 1015 19.
1361 973 1409 1004 le-

263 1018 330 1056 gati
354 1017 554 1049 Rhodiorum
578 1020 615 1049 ad
642 1029 731 1056 eum,
751 1029 801 1050 20.
818 1025 848 1049 et
871 1019 1107 1056 Romanorum,
1128 1026 1178 1059 35.
1195 1019 1344 1049 hibernat
1367 1017 1409 1047 E-

263 1059 376 1099 phesr3
398 1062 466 1099 ejus
491 1072 538 1092 res
562 1063 654 1101 gestae
680 1063 711 1091 in
730 1062 814 1099 Asia,
833 1063 885 1100 38.
908 1062 1074 1092 Cornelius
1096 1062 1218 1100 legatus
1242 1060 1353 1090 miffus
1368 1060 1408 1090 ab

265 1102 375 1133 senatu
393 1105 431 1133 ad
449 1105 626 1135 dirimenda
640 1106 721 1135 inter
731 1106 935 1135 Antiochum
948 1113 978 1134 et
991 1105 1206 1134 Ptolemaeum
1219 1104 1409 1139 certamina,

265 1154 318 1184 39.
341 1148 419 1186 regis
445 1148 639 1187 responsum,
660 1157 714 1186 40.
739 1148 816 1177 redit
840 1149 872 1177 in
893 1147 1000 1177 Asiam
1017 1148 1212 1184 Antiochus,
1228 1147 1409 1186 patiturque

265 1189 485 1228 naufragium,
502 1200 556 1229 41.
572 1191 612 1220 ab
637 1201 675 1220 eo
694 1190 818 1220 bellum
843 1191 1012 1220 imminere
1032 1190 1201 1227 Romanis,
1226 1190 1339 1219 decern
1364 1188 1411 1218 le-

265 1232 331 1270 gati
348 1240 517 1268 nunciant,
534 1243 587 1273 44
605 1235 644 1263 ad
659 1243 733 1263 eum
750 1234 831 1271 fugit
849 1234 1003 1270 Annibal,
1019 1243 1073 1273 49.

311 1275 444 1304 molitur
464 1255 588 1306 bellum
613 1276 757 1306 adversus
784 1277 962 1312 Romanos,
982 1285 1033 1315 35,
1055 1285 1102 1313 13.
1127 1274 1196 1312 ejus
1218 1283 1295 1304 cum
1311 1272 1409 1303 Villio

263 1314 371 1354 legato
393 1318 590 1356 disceptatio,
616 1327 665 1358 15.
690 1319 806 1354 trajicit
836 1319 1094 1365 Hellespontum,
1113 1328 1163 1357 23.
1181 1318 1267 1347 venit
1290 1317 1411 1346 Deme-

265 1359 415 1397 tnadem,
437 1361 596 1391 arceffitus
623 1363 662 1391 ab
684 1361 813 1397 AEtolis,
840 1371 891 1400 43
916 1362 984 1398 ejus
1009 1363 1041 1390 in
1070 1360 1209 1390 concilio
1225 1359 1411 1389 AEtolorum

267 1402 380 1439 oratio,
404 1412 457 1442 44.
491 1404 666 1443 Imperator
688 1404 866 1443 appellatur
891 1404 930 1433 ab
948 1404 1077 1440 AEtolis,
1093 1413 1147 1443 45.
1165 1408 1265 1432 tentat
1291 1402 1412 1431 Roma-

266 1453 387 1475 norum
405 1447 517 1481 socios,
537 1455 590 1486 47.
607 1447 634 1476 ei
661 1454 766 1486 portas
787 1448 933 1485 aperiunt
951 1446 1194 1483 Chalcidenses,
1220 1444 1411 1484 Salganeam

267 1492 300 1516 et
315 1487 480 1518 castellum
491 1489 529 1518 ad
548 1490 704 1528 Euripum
722 1491 820 1528 capit,
836 1498 887 1529 51·

311 1530 458 1569 adjungit
485 1530 542 1560 sibi
567 1532 704 1565 Boeotos,
721 1533 774 1569 36,
789 1533 817 1561 6.
853 1530 1022 1561 Annibalis
1044 1530 1179 1560 orationi
1204 1539 1270 1559 non
1299 1529 1411 1566 credit,

270 1578 303 1608 7.
318 1574 349 1602 8.
378 1572 453 1611 legit
475 1574 538 1602 ofla
560 1574 779 1604 Macedonum
796 1574 834 1603 ad
850 1573 1119 1614 Cynoscephalas,
1136 1574 1166 1602 8.
1188 1571 1413 1602 Thessalorum

267 1614 363 1653 legati
381 1616 420 1645 ad
436 1625 525 1650 eum,
540 1628 568 1655 9.
593 1617 675 1655 capit
691 1617 805 1647 Pheras
815 1623 844 1646 et
859 1616 1050 1652 Scotufl'am,
1066 1615 1137 1646 ibid.
1162 1621 1226 1645 arte
1243 1616 1304 1654 Ap.
1316 1614 1413 1644 Clau-

269 1658 314 1688 dii
336 1658 507 1688 deterretur
522 1660 561 1688 ab
583 1659 755 1689 obsidenda
778 1659 903 1695 Lariffa,
923 1667 971 1689 10.
999 1660 1086 1689 ducit
1109 1659 1266 1696 virginem
1283 1657 1414 1687 Chalci-

269 1700 421 1737 densem3
446 1701 514 1738 ejus
525 1703 682 1732 exercitus
694 1702 823 1732 luxuria
835 1703 1060 1741 corrumpitur,
1078 1712 1088 1731 1
1100 1711 1126 1731 1.
1152 1701 1305 1730 Medione
1320 1709 1413 1729 exce-

271 1743 489 1783 ptus,Thyrio
501 1743 661 1780 exclusus,
677 1746 755 1773 redit
768 1746 801 1773 in
819 1745 989 1780 Euboeam,
1005 1754 1051 1774 12.
1070 1746 1092 1774 it
1109 1744 1140 1773 in
1158 1743 1326 1779 AEtoliam,
1339 1742 1415 1772 dein

271 1786 305 1815 in
322 1785 435 1815 saltum
451 1786 759 1826 Thermopylarum,
781 1794 829 1826 15.
847 1786 979 1816 caeditur
1001 1787 1040 1816 ab
1064 1787 1121 1816 Μ’.
1138 1786 1243 1815 Acilio
1268 1785 1414 1815 Glabrio-

271 1837 328 1864 ne,
341 1828 485 1865 consule,
506 1838 554 1866 19.
572 1829 639 1866 ejus
653 1831 753 1860 statua
768 1830 801 1858 in
816 1829 936 1867 templo
952 1829 1106 1858 Minervae
1120 1829 1247 1866 ltoniae,
1263 1837 1314 1859 20.
1331 1827 1416 1865 traji-

271 1872 317 1901 cit
331 1872 364 1900 in
379 1871 501 1907 Asiam,
520 1882 570 1902 21.
585 1872 652 1909 ejus
667 1873 825 1909 securitas,
842 1881 894 1910 41.
923 1880 1073 1902 monetur
1093 1871 1132 1901 ab
1148 1871 1321 1906 Annibale,
1338 1870 1413 1900 ibid.

315 1921 437 1953 reparat
461 1914 603 1952 classem,
627 1921 659 1944 et
680 1915 857 1944 exercitum
881 1921 1059 1954 comparat,
1078 1921 1130 1953 37,
1149 1915 1178 1944 8.
1203 1915 1265 1952 agit
1281 1914 1319 1943 dc
1336 1921 1415 1951 pace

273 1965 347 1995 quae
363 1957 391 1986 ei
408 1965 554 1995 negatur,
577 1966 624 1996 ¹9·
656 1957 760 1996 plures
782 1958 874 1987 urbes
890 1958 988 1996 capit,
1008 1967 1058 1988 21.
1083 1956 1235 1992 Prusiam,
1253 1956 1415 1995 Bithyniae

274 2008 394 2038 regem,
411 1999 520 2029 frustra
532 2001 692 2029 concitare
707 2007 842 2030 conatur
857 2000 896 2029 ad
910 2000 1047 2035 bellum,
1065 2008 1116 2039 25.
1140 2005 1303 2038 oppugnat
1317 1997 1415 2027 Colo-

275 2042 432 2081 phonem,
456 2043 506 2072 26.
531 2042 599 2080 ejus
621 2042 720 2072 claffis
741 2043 880 2072 vincitur
895 2043 934 2071 ab
951 2041 1099 2077 AEmilio‚
1118 2050 1169 2080 30.
1198 2041 1308 2070 deserit
1330 2039 1415 2080 Lysi-

274 2085 455 2121 machiam,
473 2091 504 2114 et
519 2086 678 2115 contrahit
694 2086 815 2124 copias,
833 2094 883 2123 31.
908 2085 1026 2123 legatos
1050 2084 1090 2114 ad
1107 2084 1291 2123 Scipionem
1311 2083 1413 2113 mittit

276 2127 315 2156 de
338 2136 429 2165 pace,
461 2136 510 2165 34.
541 2127 626 2157 filius
649 2128 790 2157 Africani
821 2128 966 2166 captivus
986 2127 1072 2166 apud
1098 2127 1314 2163 Antiochum,
1339 2125 1414 2156 ibid.

276 2170 410 2199 remittit
425 2170 528 2200 filium
545 2170 698 2206 Africani,
718 2178 767 2208 37.
784 2170 960 2205 retrocedit,
974 2177 1004 2199 et
1016 2170 1113 2199 castra
1126 2169 1246 2206 munit,
1261 2168 1332 2199 ibid.
1345 2168 1414 2207 ejus

276 2212 372 2248 acies,
391 2221 443 2250 39,
459 2222 510 2251 40.
535 2213 686 2250 vincitur,
702 2220 733 2242 et
755 2213 853 2242 castra
873 2212 1004 2249 amittit,
1029 2222 1082 2251 43.
1110 2212 1191 2250 fugit
1214 2212 1246 2241 in
1265 2211 1414 2252 Lydiam,

276 2264 330 2294 44.
349 2255 447 2284 mittit
463 2255 503 2284 ad
519 2255 703 2294 Scipionem
720 2255 838 2294 legatos
855 2255 894 2284 ad
910 2264 1024 2294 pacem
1040 2255 1225 2294 petendam,
1241 2261 1295 2296 45.
1310 2263 1411 2295 quam

277 2303 439 2335 impetrat,
501 2319 510 2327 .

320 2339 445 2370 foederis
457 2305 539 2370 {im
555 2340 718 2370 Antiocho
733 2340 826 2378 leges,
845 2340 898 2378 38,
913 2341 964 2378 38.

236 2381 430 2421 Ληῑίοοὴυε,
445 2382 529 2414 filius
547 2383 700 2414 Antiochi
717 2383 843 2422 Magni,
863 2390 914 2424 35,
933 2392 982 2423 13.
1013 2382 1158 2421 moritur,
1175 2389 1225 2424 15.
