1572 2616
236 234 325 282 244
584 240 749 271 INDEX
783 241 840 271 1N
873 242 919 272 τ.
949 243 1084 274 mvn

232 319 396 351 Tabernae
410 320 528 358 Novae,
543 320 606 351 loci
621 330 743 352 nomen
759 321 886 361 Romae,
901 332 933 362 3,
950 324 1005 364 48.

234 362 460 394 Tabernaeula
477 365 510 394 in
522 365 589 395 foro
606 366 733 402 statuta,
754 375 806 406 39,
822 367 875 405 46.

236 405 473 444 Tabernacula,
490 407 584 444 muli,
601 414 632 438 et
651 409 764 438 omnia
785 408 847 439 alia
862 409 1073 440 instrumenta
1093 409 1256 448 militaria,
1273 409 1435 450 magistra-

281 450 369 481 tibus
385 451 417 480 in
435 451 613 490 provincias
630 451 718 482 ituris
734 452 969 483 subministrata
982 453 1020 483 de
1037 453 1184 492 publico,
1199 463 1254 493 42,
1277 464 1304 484 1.

232 492 474 532 Tabernacula,
492 494 729 534 militaremque
753 495 991 534 supellectilern,
1009 496 1139 536 qualem
1162 497 1284 527 consuli
1301 496 1432 537 praeberi

281 547 352 568 mos
368 539 424 574 est,
443 537 613 568 Mafiniffae
629 538 751 568 donant
768 538 920 576 Romani,
937 548 989 578 30,
1011 547 1060 576 17.
1406 535 1411 539 Χ

235 579 499 612 Tabernaculum
514 580 653 621 Philippi
670 582 704 611 in
718 581 887 623 conspefito
902 584 1047 614 maxime
1064 582 1192 614 tumulo
1208 582 1360 624 politum,
1378 591 1432 621 32,

233 631 362 698 Ta{u1a
377 677 396 698 a
410 668 451 699 T.
469 666 605 698 Quintio
620 666 772 699 difi’tatore
789 669 823 699 in
839 667 999 709 Capitolio
1013 669 1070 700 sub
1085 668 1174 710 figno
1187 669 1276 701 Jovis
1291 668 1434 710 Impera-

224 736 228 738 .
280 711 355 741 toris
371 711 448 747 fixa,
467 713 499 747 6,
517 721 569 751 29.

231 769 277 778 —-
292 754 415 794 templo
431 754 540 784 adfixa
554 754 620 785 voti
637 754 747 791 index,
764 764 819 795 40,
837 761 887 795 52.

233 812 278 820 -—
293 797 433 828 viffloriae
449 798 546 828 iudex
565 798 598 827 in
614 798 681 827 aede
697 798 811 828 Matris
828 798 976 836 Matutae,
993 808 1049 839 41,
1067 808 1119 838 33.

230 856 275 864 -
290 840 427 871 Tabulae
443 841 556 871 decem
573 850 592 870 a
607 841 797 871 decemviris
812 841 898 879 latae,
917 851 949 880 3,
966 852 1020 882 34.

231 900 276 907 --
292 884 364 914 duae
381 885 538 924 prioribus
554 884 666 914 decem
684 884 812 921 additae,
831 891 882 922 37.

229 942 276 950 —
290 927 477 965 duodecim,
494 928 527 957 in
543 936 586 957 aes
603 926 723 964 incisae,
741 928 774 957 in
791 926 923 967 publico
939 926 1121 968 propositae,
1138 933 1192 968 57.

231 969 370 1001 Tabulae
388 970 540 1010 publicae,
555 980 590 1010 4,
608 971 638 1001 8.
657 971 710 1006 26,
729 971 781 1009 36.

224 1028 277 1043 ,--
293 1013 402 1053 priscae
419 1014 505 1050 artis,
523 1014 662 1043 inventae
679 1013 823 1051 Eretriae,
839 1023 893 1053 32,
912 1013 964 1044 16.

232 1072 277 1078 ——
292 1056 470 1088 Ambracia
484 1055 616 1094 ave&ae‚
634 1056 689 1095 38,
707 1066 738 1094 9.

231 1099 368 1130 Tabulis
384 1100 475 1140 piffls
490 1101 605 1130 fanum
622 1099 801 1140 AEsculapii
817 1105 1027 1138 exornatum,
1042 1108 1099 1139 43,
1116 1108 1148 1140 4.

229 1142 368 1174 Tabulae
384 1153 489 1180 novae,
505 1152 559 1182 32,
578 1144 630 1182 38.

228 1185 458 1223 Tabularium,
475 1195 531 1226 43,
548 1187 595 1216 18.

229 1229 468 1260 Tabulatorum
483 1230 628 1268 quinque
644 1228 750 1265 turris,
770 1229 824 1265 28,
839 1230 869 1259 6.

230 1272 390 1303 Tabulius
407 1282 492 1312 ager,
504 1272 571 1302 vid.
584 1272 759 1302 Trientius.

229 1315 354 1354 Tagus,
365 1315 497 1352 fluvius,
516 1325 569 1352 21,
585 1324 615 1354 5.
633 1322 687 1352 27,
710 1324 759 1354 19.
783 1320 836 1354 35,
856 1324 907 1346 22.
924 1324 978 1356 39,
997 1323 1048 1354 30.

230 1357 382 1396 Talaffio,
398 1368 462 1389 vox
479 1358 643 1398 nuptialis,
665 1367 695 1394 1,
713 1366 742 1396 9.

230 1401 411 1433 Talentum
426 1402 591 1438 Atticum,
608 1402 662 1440 38,
678 1411 729 1441 24.
752 1400 819 1431 vid.
832 1407 862 1430 et
878 1401 933 1440 38.

229 1461 275 1469 ·-
289 1445 487 1482 Euboicum,
505 1452 556 1484 37,
571 1452 625 1485 45.
651 1445 704 1482 38,
722 1454 752 1484 9-

229 1487 370 1519 Talenta
395 1489 517 1528 argenti
539 1488 680 1518 ducenta
696 1485 846 1526 Philippo
869 1485 1061 1527 pollicentur
1083 1485 1371 1526 Carthaginienses,
1393 1492 1431 1516 ut

275 1531 310 1561 in
327 1532 473 1563 Siciliam
489 1537 544 1562 aut
560 1530 689 1561 Italiam
706 1539 784 1560 cum
805 1530 950 1561 exercitu
966 1530 1115 1568 trajiciat,
1134 1540 1186 1570 29,
1202 1540 1235 1570 4.

229 1574 370 1605 Talenta
385 1575 537 1612 ducenta,
554 1574 698 1604 semestre
713 1573 921 1613 stipendium,
938 1572 1030 1613 Cotyi
1046 1573 1183 1613 appensa
1198 1582 1217 1603 a
1239 1572 1359 1611 Perseo,
1373 1581 1429 1612 42,

229 1625 369 1691 'ra1e7nta
390 1660 625 1700 quinquaginta
655 1659 689 1690 in
712 1658 780 1698 ripa
801 1658 936 1698 exponit
957 1657 1096 1696 Perseus,
1121 1658 1215 1688 militi
1239 1657 1428 1697 diripienda,

275 1712 332 1743 44,
347 1710 402 1743 45·

229 1746 397 1784 Tamiani,
415 1746 496 1776 inter
512 1746 633 1777 auxilia
648 1745 865 1782 Rhodiorum,
881 1753 934 1783 33,
956 1744 1006 1774 18.

229 1789 392 1829 Tanagra,
418 1798 470 1828 33,
489 1791 541 1820 28.
568 1796 621 1830 35,
639 1796 691 1829 51.

230 1833 365 1870 Tanais,
381 1832 500 1868 amnis,
517 1832 571 1871 38,
591 1834 642 1871 38.

232 1875 408 1915 Tanaquil,
424 1876 546 1905 semina
563 1874 692 1906 summo
707 1874 781 1905 loco
804 1879 893 1910 nata,
909 1871 1003 1903 nubit
1025 1871 1222 1909 Lucumoni,
1243 1881 1272 1908 r,
1290 1880 1341 1911 34.
1365 1879 1430 1901 coe-

274 1918 403 1948 lestium
427 1918 647 1957 prodigiorum
671 1918 784 1958 perita,
808 1916 880 1946 ibid.
906 1915 1123 1954 Tarquinium
1151 1915 1191 1945 ad
1221 1914 1430 1945 educandum

273 1961 402 1992 summa
419 1970 495 1991 cura
508 1961 658 1991 Servium
673 1961 804 1997 excitat,
821 1970 873 2001 39.
887 1958 1052 1989 interfecto
1067 1957 1257 1997 Tarquinio,
1270 1957 1424 1988 eumdem

277 2004 439 2041 Servium,
456 2013 609 2042 generum
626 2005 734 2041 suum,
750 2004 790 2034 ad
811 2002 1036 2043 capessendam
1058 2010 1165 2031 rerum
1186 2010 1299 2031 curam
1322 2001 1429 2030 horta·

274 2053 338 2084 tur,
354 2057 408 2087 41.
421 2046 489 2078 vid.
505 2054 533 2076 et
547 2054 601 2087 47.

231 2090 412 2128 Tanetum,
426 2091 529 2126 vicus,
547 2099 601 2127 21,
614 2097 665 2130 25.
681 2089 747 2121 vid.
761 2096 790 2119 er
803 2097 856 2127 30,
877 2097 927 2128 19.

232 2134 427 2170 Tarentum,
444 2132 530 2168 urbs,
550 2143 603 2172 24,
625 2143 672 2172 13.
1332 2170 1339 2176 .

231 2177 413 2207 Tarentum
429 2176 570 2215 proditur
586 2174 754 2212 Annibali,
772 2180 825 2214 25,
843 2174 875 2204 8.
889 2179 921 2203 et
937 2182 968 2212 9.
991 2177 1208 2213 oppugnatur,
1223 2177 1254 2202 et
1269 2176 1395 2211 capitur
1409 2179 1430 2202 a

278 2220 376 2250 Fabio
392 2220 553 2254 Maximo,
574 2226 627 2256 27,
647 2226 696 2257 15.

234 2262 410 2292 Tarentina
433 2271 490 2292 arx
520 2267 726 2301 oppugnatur
748 2259 787 2289 ab
803 2257 977 2296 Annibale,
1005 2265 1060 2298 25,
1087 2267 1137 2289 ιι.
1163 2257 1350 2288 Tarentinae
1365 2256 1428 2287 arci

278 2306 446 2344 provident
468 2305 621 2341 Romani,
644 2314 692 2344 15.

234 2348 413 2385 Tarentini,
430 2350 461 2383 8,
489 2355 539 2385 27.
562 2356 675 2377 eorum
701 2344 879 2385 indignatio
905 2344 938 2374 in
962 2343 1142 2382 Romanos,
1168 2342 1240 2373 ibid.
1263 2342 1428 2373 concitant

278 2391 425 2420 Lucanos
453 2389 523 2421 ibid.

319 2413 438 2464 eorum,
449 2433 581 2472 superba
603 2433 732 2472 legatio,
749 2443 782 2472 9,
804 2437 855 2470 14.
877 2430 1031 2462 ridetura
1056 2428 1242 2461 consulibus
1259 2425 1427 2463 Romanis,

279 2477 318 2506 ad
336 2480 479 2516 pugnarn
494 2477 523 2507 se
540 2475 737 2516 parantibus,
753 2474 826 2505 ibid.
