1572 2616
442 199 814 230 HISTORIARUM
849 198 1052 230 LIBROS.
1285 198 1337 241 25

158 279 389 319 Archidamus,
403 281 552 321 princeps
568 280 767 319 AEtolorum‚
789 279 898 311 Perseo
923 280 954 310 se
977 278 1136 320 adjungit,
1156 288 1212 319 43,
1231 289 1282 319 23.
1309 286 1342 310 et

201 333 254 364 24.
269 333 346 355 cum
361 334 400 355 eo
414 324 508 364 fugit,
524 334 581 364 44,
594 333 649 364 43.

155 367 379 405 Archimedes,
394 367 547 407 spectator
561 367 635 398 coeli
660 373 692 397 et
712 366 849 398 siderum
874 367 1004 402 unicus,
1020 366 1218 396 maritimam
1239 375 1344 406 oppu-

199 411 388 450 gnationem
412 411 638 441 Romanorum
651 409 754 448 elusit,
774 420 826 449 24,
844 420 896 449 34.
920 410 1063 440 intentus
1078 410 1201 447 formis,
1214 419 1293 449 quas
1307 410 1341 439 in

200 453 329 492 pulvere
345 454 557 494 descripserat,
572 453 772 492 interficitur,
790 463 807 484 2
813 462 841 494 5
857 463 908 493 31
924 453 992 492 ejus
1008 452 1176 493 sepulturae
1192 462 1269 483 cura
1283 453 1343 482 ha-

197 496 265 530 bita
277 506 296 526 a
312 497 480 534 Marcello,
496 497 568 527 ibid.

154 539 354 580 Archippus,
375 540 442 571 dux
457 541 608 581 Argivus,
623 539 755 580 expellit
778 539 961 579 praefidium
977 539 1112 570 Nabidis
1136 549 1177 570 ex
1191 539 1270 570 urbe
1284 539 1345 570 Ar·

195 592 257 622 8¹⁵9
276 593 330 623 342
370 593 402 614 0·

154 625 277 663 Archo,
294 594 402 658 Poridi
414 626 592 657 AEneatum
606 626 743 666 principi
760 632 874 666 nupta,
887 635 943 665 40,
959 636 993 665 4.

153 670 249 703 Areo,
264 670 359 701 frater
380 670 556 707 Xenarchi,
571 671 769 701 Achaeorum
793 671 948 710 praetoris,
963 668 1094 709 ejusque
1112 675 1227 700 contra
1248 668 1345 700 Calli·

197 719 319 745 cratem
332 714 449 750 oratio,
465 723 520 752 41,
539 723 589 754 29.

154 755 259 786 Ardea
282 766 303 786 a
324 735 502 796 Tarquinio
523 755 669 796 Superbo
691 755 822 793 obsessa,
842 765 872 793 1,
889 763 941 796 57.
965 756 1048 786 inter
1061 756 1213 786 Ardeates
1228 761 1259 785 et
1275 755 1346 785 Ari-

200 799 291 830 cinos
311 799 411 838 judex
427 801 552 830 sumtus
568 799 708 840 populus
732 800 900 830 Romanus
923 809 1051 839 agrum,
1067 800 1106 830 de
1121 809 1186 838 quo
1201 798 1346 838 ambige—

198 842 304 877 batur,
319 843 377 874 fibi
394 843 569 881 adjudicat,
588 852 617 882 3,
636 850 688 880 71.
704 849 734 874 et
748 851 798 880 72.
815 844 857 873 ob
869 852 943 873 eam
959 843 1111 881 injuriam
1125 843 1275 873 Ardeates
1290 842 1348 872 de-

198 885 350 924 sciscunt,
367 897 401 927 4,
419 897 447 917 1.
470 886 575 916 foedus
588 896 665 916 cum
681 886 719 916 iis
736 892 919 923 renovatur,
936 894 964 923 7.
989 887 1102 917 Ardeae
1119 887 1253 917 turbatae
1268 885 1345 915 sedi-

199 929 288 960 tione
309 939 356 960 res
379 929 502 960 auxilio
524 929 748 960 Romanorum
769 935 1026 969 componuntur,
1044 941 1074 970 9.
1089 936 1121 960 et
1141 939 1189 960 10.
1216 928 1348 959 colonia.

199 972 340 1003 Ardeam
359 972 514 1009 dedufita,
529 982 603 1012 ager
621 973 817 1013 interceptus
833 973 873 1003 ad
887 973 1039 1003 Ardeates
1059 973 1148 1007 redit,
1169 982 1218 1004 11.
1239 982 1293 1003 eos
1306 972 1346 1002 ad

198 1016 429 1055 opprimendos
453 1015 564 1047 Gallos
584 1017 742 1054 hortatur,
767 1023 798 1047 et
822 1016 911 1047 ducit
934 1015 1106 1055 Camillus,
1124 1027 1157 1057 5,
1174 1026 1227 1056 43.
1245 1022 1276 1046 ct
1293 1026 1348 1056 44.

200 1058 267 1090 vid.
284 1066 313 1089 et
328 1069 382 1097 21,
401 1067 430 1096 7.
455 1067 508 1097 27,
526 1070 556 1099 9.
573 1061 626 1100 29',
646 1066 697 1099 15.

155 1101 325 1138 Ardoneae‚
343 1112 395 1142 24,
412 1112 463 1132 20.
480 1103 546 1133 vid.
560 1109 587 1131 et
602 1102 784 1133 Herdonea.

156 1145 291 1182 Ardues,
309 1145 395 1176 filius
410 1146 579 1182 Antiochi,
596 1155 649 1184 33,
665 1155 714 1183 19.

156 1188 298 1228 Ardyaei,
315 1188 422 1230 Illyria
437 1198 528 1228 gens,
542 1189 665 1219 dedunt
677 1189 708 1219 se
723 1188 893 1226 Romanis,
910 1196 964 1225 20,
981 1188 1034 1220 28.
1046 1187 1113 1220 vid.
1129 1195 1158 1218 et
1171 1195 1223 1226 27,
1241 1196 1295 1228 3·-

154 1230 238 1262 Area
253 1231 402 1263 Vulcani.
426 1232 492 1263 vid.
510 1231 686 1263 Vulcanus.

154 1274 242 1311 Arei,
258 1275 340 1305 inter
355 1274 475 1305 auxilia
489 1274 705 1312 Rhodiorum,
725 1284 778 1313 33,
798 1275 847 1306 18.

156 1317 272 1348 Arenae
285 1318 440 1355 Linterni,
456 1329 509 1354 22,
531 1319 581 1348 16.

157 1359 194 1390 C.
209 1367 240 1390 et
253 1361 288 1391 L.
304 1362 448 1394 Arennii,
465 1361 585 1391 tribuni
602 1359 716 1400 plebis,
734 1367 788 1398 27,
806 1360 838 1391 6.

159 1402 195 1433 L.
213 1405 386 1441 Arennius,
404 1403 570 1443 praeseftus
585 1404 722 1440 sociam,
738 1404 864 1443 capitur
880 1412 899 1433 a
912 1403 1079 1439 Numidis,
1094 1410 1147 1440 27,
1162 1403 1213 1436 26.
1229 1411 1279 1441 27.

159 1446 293 1484 Aretho,
311 1448 416 1477 amnis
430 1447 632 1486 navigabilis,
649 1456 746 1487 prope
755 1446 979 1484 Ambraciam,
997 1447 1052 1485 38,
1071 1455 1100 1484 3.
1115 1456 1149 1485 4.

157 1489 330 1528 Arethusa,
346 1491 430 1526 som,
446 1498 498 1529 25,
518 1500 570 1529 30.

156 1533 272 1570 Areus,
286 1533 373 1563 exsul
389 1533 668 1568 Lacedaemonius,
686 1542 738 1573 39,
758 1540 809 1573 35.

156 1576 264 1615 Argei,
282 1575 353 1606 loca
367 1576 459 1607 sacris
475 1576 642 1613 faciendis,
664 1585 693 1613 1,
712 1585 764 1608 21.

155 1619 292 1658 Argens,
308 1620 479 1659 oppidum,
498 1629 550 1658 32,
571 1629 620 1658 14.

156 1662 395 1702 Argentanum,
412 1663 583 1702 oppidum,
599 1661 708 1692 deficit
723 1671 741 1691 a
756 1661 862 1692 Poenis
874 1660 915 1691 ad
930 1660 1109 1700 Romanos,
1124 1670 1178 1701 30,
1199 1671 1249 1706 ¹9·

153 1706 335 1744 Argentum
352 1706 500 1736 nondum
517 1705 692 1745 signatum,
706 1715 740 1744 4,
759 1707 811 1736 60.

153 1764 198 1771 —
212 1748 373 1788 bigatum,
394 1758 446 1787 33,
464 1759 515 1788 23.
533 1758 585 1788 37.
610 1749 663 1788 36,
681 1758 732 1779 21.

154 1792 333 1822 —safilum
349 1792 559 1829 emmaum,
577 1802 631 1831 34,
650 1798 702 1831 52.
727 1793 779 1830 36,
795 1801 849 1832 40.

157 1851 201 1858 —
215 1835 467 1873 mulclaticium,
484 1845 524 1866 ex
541 1845 607 1875 quo
623 1836 711 1874 signa
725 1844 815 1864 aenea
829 1835 868 1864 ad
885 1834 1004 1865 Cereris
1017 1834 1103 1871 data,
1122 1843 1175 1873 27,
1192 1835 1224 1865 6.
1239 1834 1306 1868 vid.
1317 1841 1350 1864 et

200 1887 253 1916 30,
272 1887 324 1916 39·

152 1937 196 1944 -
210 1921 359 1958 Oscense‚
379 1930 432 1960 34,
451 1931 501 1952 10.

152 1965 333 2003 Argentum
351 1965 383 1993 in
397 1965 545 1994 aerarium
560 1963 676 2001 latum,
690 1966 743 2001 28,
762 1964 813 2003 38.
839 1973 893 2003 30,
906 1972 960 2004 45.

154 2008 287 2046 Argenti
304 2007 342 2037 ad
360 2016 475 2037 aurum
490 2008 651 2046 proportio
667 2014 702 2037 ut
723 2017 733 2037 1
755 2008 795 2038 ad
811 2017 860 2038 10.
885 2009 938 2045 38,
960 2017 1010 2038 11.

153 2051 284 2089 Argenti
300 2051 418 2081 sodinae
434 2051 466 2080 in
485 2050 650 2090 Hispania,
667 2052 719 2088 28,
737 2060 767 2088 3.

154 2094 349 2133 Argentariae
366 2095 399 2123 in
416 2094 492 2124 urbe
506 2095 623 2131 Roma,
641 2105 672 2134 9,
690 2103 744 2133 40.
770 2095 822 2129 26,
842 2101 893 2131 27.
915 2102 968 2133 40,
985 2101 1037 2134 51.

154 2137 352 2176 Argentariae
371 2143 402 2166 et
415 2137 548 2168 ferrariae
565 2138 597 2167 in
617 2137 771 2177 Hispania
785 2147 804 2167 a
820 2137 942 2168 Catone
956 2135 1086 2167 consule
1102 2136 1267 2175 institutae,
1285 2146 1340 2179 34,

198 2189 250 2209 21.

152 2222 329 2261 Argestaeus
344 2232 493 2263 campus,
510 2231 562 2261 27,
581 2232 633 2262 33.

153 2265 228 2304 Argi
252 2265 408 2296 nobilitati
430 2273 531 2296 morte
555 2266 675 2306 Pyrrhi,
695 2275 747 2305 31,
767 2273 796 2303 7.
819 2265 998 2296 concilium
1012 2266 1208 2296 Achaeorum
1231 2266 1336 2305 Argis,

199 2318 252 2346 31,
268 2315 318 2348 25.
346 2309 420 2348 Argi
444 2310 623 2348 produntur
652 2309 798 2346 Philocli,
817 2319 869 2348 32,
888 2317 937 2349 25.
962 2310 1036 2347 Argi
1061 2318 1078 2338 a
1102 2308 1249 2348 Philippo
1276 2316 1338 2338 tra-

197 2351 318 2381 duntur
337 2351 466 2389 Nabidi,
485 2353 535 2391 38.
559 2352 734 2392 spoliantur
756 2353 796 2382 ab
813 2362 911 2382 uxore
926 2353 1074 2389 Nabidis,
1091 2361 1142 2391 40.
1167 2353 1240 2390 Argi
1256 2352 1336 2383 (luas

195 2403 282 2424 arces
297 2394 430 2432 habent,
445 2405 499 2434 34,
517 2404 568 2437 25.
591 2395 684 2435 Argis
699 2395 858 2427 celebrata
872 2396 1010 2434 Nemea,
1027 2405 1080 2435 41.
1112 2395 1148 2426 iis
1165 2395 1341 2427 restituitur

189 2436 332 2473 libertas,
347 2437 419 2469 ibid.

191 2479 278 2510 Vox..
295 2480 333 2511 V.
726 2481 759 2512 C
