1572 2616
261 147 345 191 234
604 146 770 177 INDEX
803 147 858 176 IN
892 148 1095 178 T.L1V11

257 226 382 265 Signini
398 225 555 256 Romanis
570 225 639 263 fidi,
657 233 709 263 27,
727 236 776 257 10.

257 269 393 308 Signifer
408 269 499 300 omni
512 270 544 298 vi
561 269 697 299 moliens
714 269 839 308 signum
855 269 1033 300 convellere
1049 269 1173 309 nequit,
1192 279 1244 306 22,
1263 279 1294 308 3.

254 312 449 351 Signiferum
467 320 566 341 manu
580 318 741 351 arreptum
759 312 867 341 secum
882 313 915 341 in
931 314 1055 342 hostem
1068 314 1148 351 rapit
1161 312 1329 349 Camillus,
1341 313 1373 349 6,
1393 313 1424 343 8.

256 354 394 393 Signum
409 354 558 384 emIffum
574 355 606 383 in
624 356 763 385 hostiurn
779 355 897 391 aciem,
917 357 948 392 6,
967 357 997 386 8.
1023 365 1075 394 34,
1091 357 1145 394 46.
1162 356 1230 387 vid.
1247 355 1425 385 Vexillum.

256 413 301 420 —
315 397 443 427 secundi
462 397 597 435 Hastati,
614 398 782 428 ademtum
799 396 956 436 signifero,
973 408 992 428 a
1009 399 1050 428 Q.
1067 399 1173 428 Navio
1193 400 1225 428 in
1249 399 1352 429 hostes
1368 397 1449 428 inla-

301 445 387 475 tum,
405 440 458 475 26,
475 448 503 479 5.

259 481 359 521 Signa
374 481 525 512 militaria
540 491 580 511 ex
596 483 705 513 aerario
720 483 900 521 depromta,
917 494 951 523 4,
971 493 1021 514 22.
1047 490 1078 520 7,
1097 493 1148 522 23.
1404 498 1407 501 -

261 525 360 563 Signa
375 532 469 564 capta
484 528 517 554 in
534 525 659 564 proelio,
677 538 708 564 9,
724 535 777 565 44.
806 535 856 563 10,
877 536 926 566 14.
950 533 977 556 et
992 525 1196 567 alihisaepius.
1220 532 1293 556 ante
1305 525 1403 564 Signa
1417 529 1450 555 et

301 568 369 605 post
386 568 484 606 Signa
499 569 612 606 strages
627 568 721 604 faeta,
739 570 772 606 8,
796 577 807 598 1
818 578 844 598 1.

262 609 398 648 Signum
418 620 534 649 pugnae
548 611 672 647 datum,
688 614 719 647 6,
734 611 764 640 8.

259 668 303 675 -
318 652 527 692 propositum,
544 663 595 688 22,
612 660 667 692 45.

259 695 397 733 Signum
414 696 553 734 receptui
570 696 702 731 datum,
715 695 747 731 6,
768 696 797 726 8.

260 737 399 776 Signum
416 738 562 768 secundae
580 738 710 777 vigiliae,
732 746 763 775 7,
782 745 834 778 35.

259 781 359 819 Signa
372 781 422 810 bis
437 787 573 818 canunt,
590 781 645 810 ubi
657 781 722 810 duo
737 781 809 811 sunt
824 781 983 818 consules,
1003 788 1055 817 27,
1067 788 1122 820 47.

259 823 399 862 Signum
413 824 540 862 datum,
554 824 585 853 id
601 824 657 860 est,
670 823 770 860 jussus
787 825 983 863 imperatoris
1000 834 1054 863 per
1070 830 1174 853 toturn
1192 823 1372 852 exercitum
1385 830 1457 861 per-

304 866 401 903 latus,
421 876 452 905 5,
472 869 521 904 36.
549 876 601 902 21,
624 876 673 905 ¹4·

260 907 403 947 Signum
418 910 505 938 Jovis
528 910 743 948 Imperatoris,
761 910 914 939 Praeneste
930 908 1111 945 dcveetum,
1126 909 1167 939 T.
1183 907 1337 939 Quintius
1359 905 1458 937 dieta-

305 958 354 981 tor
371 953 404 980 in
420 951 621 990 Capitolium
639 952 744 988 infert,
762 953 793 987 6,
814 961 864 989 29.

259 1009 303 1017 —-
317 995 456 1023 Junonis
472 1003 490 1023 a
508 995 660 1024 matronis
673 995 858 1024 dedicatum
874 996 908 1025 in
923 995 1098 1030 Aventino,
1114 1003 1169 1030 21,
1186 992 1240 1022 62.

261 1051 307 1059 -—
323 1036 449 1073 Martis,
468 1047 521 1073 22,
540 1047 568 1067 1.

260 1077 361 1117 Signa
376 1088 466 1109 aenea
481 1080 624 1109 Deorum
642 1078 723 1108 faCta
738 1088 778 1109 ex
795 1086 925 1118 argento
942 1078 1153 1115 mulStaticio,
1174 1085 1229 1114 27,
1247 1077 1277 1108 6.

260 1122 378 1151 —tria
392 1123 432 1152 ad
448 1122 568 1152 Cereris
581 1122 667 1158 data,
685 1122 737 1159 36.

261 1179 307 1187 -
321 1164 384 1194 duo
401 1164 560 1203 cupressea
577 1166 609 1193 in
624 1165 726 1194 aedem
740 1164 878 1194 Junonis
894 1164 1025 1202 Reginae
1042 1163 1153 1198 inlata,
1170 1171 1221 1200 37.

259 1220 307 1230 -—
321 1216 412 1237 aenea
427 1208 571 1246 quinque
586 1216 625 1236 ex
644 1207 841 1236 muletaticio
857 1214 988 1245 argento
1004 1207 1037 1236 in
1054 1206 1162 1235 aerario
1179 1205 1290 1244 posita,
1309 1212 1363 1241 31,
1381 1210 1435 1243 50.

262 1263 307 1273 -—
322 1250 381 1279 tria
393 1250 509 1285 Cereri,
527 1250 649 1287 Libero,
668 1250 851 1288 Liberaeque
864 1250 976 1289 posita,
994 1259 1048 1288 33,
1065 1256 1114 1287 25.

262 1306 306 1316 —
320 1300 412 1322 aenea
426 1294 459 1322 in
482 1292 642 1332 Capitolio
659 1292 791 1330 deje&a‚
808 1301 839 1323 et
862 1294 896 1322 in
920 1293 1006 1322 circo
1030 1291 1177 1321 maximo
1200 1298 1280 1319 cum
1297 1287 1464 1319 columnis

307 1336 425 1372 eversa,
441 1344 497 1374 40,
517 1345 546 1366 2.

262 1376 363 1417 signa
379 1379 575 1416 tabulasque,
594 1378 709 1417 quibus
725 1377 933 1408 abundabant
943 1377 1117 1418 Syracusae‚
1132 1373 1303 1405 Marcellus
1320 1374 1461 1403 Romam

307 1421 449 1457 devehit,
467 1429 563 1460 atque
580 1421 653 1451 inde
671 1422 815 1460 primum
838 1422 968 1450 initium
986 1420 1123 1450 mirandi
1140 1419 1328 1448 Graecarum
1343 1417 1462 1447 artium

308 1472 405 1503 opera
419 1463 554 1500 fafitum,
573 1471 626 1503 25,
639 1473 692 1503 40.
705 1464 771 1495 vid.
788 1471 816 1494 et
833 1465 887 1500 26,
907 1473 957 1502 30.
972 1470 999 1492 et
1017 1473 1067 1501 31.
1084 1469 1112 1491 et
1129 1471 1181 1500 34,
1200 1471 1230 1499 3.

263 1505 364 1545 Signa
378 1506 566 1546 tabulasque
580 1507 764 1537 Tarentinis
780 1507 930 1546 relinquit
948 1507 1076 1541 Fabius,
1092 1511 1145 1540 27,
1167 1504 1216 1532 16.

266 1549 378 1588 Signa,
397 1549 515 1579 tabulae
532 1550 640 1589 priscae
656 1551 746 1587 artis,
761 1556 1019 1588 ornamentaque
1041 1548 1109 1585 ejus
1131 1546 1254 1586 generis
1277 1544 1367 1585 plura
1389 1542 1464 1574 Ere·

312 1592 381 1621 triae
398 1599 533 1631 reperta,
551 1602 603 1630 32,
625 1593 674 1622 16.
1403 1593 1406 1595 ’

266 1633 445 1673 Sigovesus‚
464 1634 548 1664 filius
571 1635 679 1664 sororis
695 1634 874 1673 Ambigati,
891 1633 1056 1665 Celtarum
1070 1632 1177 1671 Regis,
1196 1638 1227 1672 5,
1243 1640 1295 1670 34.
1319 1629 1353 1660 in
1379 1627 1463 1659 Her—

311 1677 423 1716 cynios
439 1676 536 1707 saltus
551 1677 630 1706 sorte
647 1677 769 1714 miffus,
786 1676 858 1708 ibid.

268 1718 391 1755 Silana,
407 1719 579 1758 oppidum,
596 1721 650 1757 36,
669 1729 718 1758 ¹3·

269 1761 319 1791 M.
337 1761 479 1798 Silanus,
495 1762 561 1792 vid.
578 1762 709 1792 Junius.

268 1803 410 1840 Silenus,
427 1804 537 1834 aufilor
553 1805 699 1841 Graecus,
717 1804 770 1840 26,
786 1812 841 1842 49.

271 1845 315 1876 Q.
330 1846 438 1882 Silius,
456 1848 578 1885 primus
591 1849 727 1886 quaestor
744 1846 900 1885 plebeiuS,
913 1855 948 1885 4,
965 1852 1018 1885 54.

268 1887 337 1918 Silo
353 1889 571 1928 Pompaedius‚
586 1890 655 1920 dux
669 1890 863 1927 Marsorum,
880 1889 964 1928 Epit.
981 1890 1033 1925 76.

270 1930 384 1969 Silpia‚
400 1932 489 1968 urbs,
507 1932 560 1968 28,
581 1941 630 1963 12.

272 1973 373 2009 Silva,
386 1973 456 2003 vide
473 1973 580 2012 Sylva.

273 2015 437 2053 silvanus,
449 2016 521 2045 vide
537 2015 707 2055 Sylvanus.

275 2057 407 2094 Silvius,
424 2058 495 2087 vide
511 2058 650 2098 Sylvius,

275 2100 400 2130 Similae
416 2100 522 2136 lucus,
539 2110 592 2140 39,
611 2110 660 2130 12.

278 2141 459 2172 Simulacra
472 2143 612 2172 Junonis
628 2142 758 2181 Reginae
775 2140 937 2181 cupressea
950 2138 1154 2174 circumlata,
1174 2145 1226 2175 27,
1245 2145 1298 2176 37.

277 2184 457 2214 Simulacra
485 2185 671 2222 infantium,
698 2185 903 2214 conditorum
931 2184 1029 2220 urbis,
1046 2182 1102 2212 sub
1126 2181 1277 2211 uberibus
1303 2179 1402 2219 lupae,
1427 2178 1466 2208 ad

323 2227 438 2257 Ficum
454 2227 664 2257 Ruminalem
680 2227 792 2266 posita,
810 2236 860 2264 10,
880 2235 931 2264 23.

281 2267 462 2299 Simulacra
476 2269 642 2308 luporum,
660 2279 713 2306 22,
734 2279 762 2298 1.

280 2309 500 2342 Simulacrum
516 2311 664 2342 Herculis
681 2312 714 2341 in
729 2310 888 2351 Capitolio
904 2310 1055 2350 politum,
1073 2309 1334 2346 dedicatumque,
1351 2315 1383 2345 9,
1397 2314 1452 2345 44.

282 2351 501 2385 Simulacrum
515 2364 633 2396 pugnae
648 2354 794 2386 terrestris
808 2360 840 2386 et
854 2353 975 2384 navalis
990 2353 1116 2385 editum
1131 2362 1149 2384 a
1166 2351 1329 2391 Scipione,
1345 2359 1397 2389 29,
1413 2357 1464 2379 22·
