1572 2616
412 182 782 216 Hrs’romARUM
821 184 1022 214 LIBROS.
1225 172 1319 227 169⁷

115 267 226 298 Oratio
239 267 393 298 Caeritum
408 265 603 304 legatorum,
623 273 653 302 7,
671 274 722 296 20.

115 328 160 334 —
176 310 352 341 Callicratis
370 309 482 340 Achaei
498 315 610 339 contra
624 309 784 346 Perseum,
801 317 857 347 41,
876 309 924 339 28.

115 371 160 377 —
174 354 415 393 Campanorum
429 352 624 392 legatorum,
641 359 672 389 7,
691 361 743 390 30.

115 413 160 420 —-
175 397 335 434 Canuleii,
352 406 386 436 4,
406 404 434 433 3.

115 457 160 463 —
174 438 485 478 Carthaginienfium
506 436 686 477 legatorum
708 437 748 467 de
771 446 863 477 pace,
888 446 942 475 30,
966 447 1018 469 22.
1041 442 1072 467 et
1098 447 1151 478 42.
1175 446 1310 478 queren-

161 484 245 513 tium
261 483 300 512 de
316 481 489 518 Masinissa,
505 490 561 521 42,
579 490 630 520 23.

118 542 162 549 —
176 527 240 565 Ap.
255 525 381 555 Claudii
398 525 454 561 rei,
471 534 504 563 3,
523 524 576 564 56.

115 585 160 592 —-
174 569 238 608 Ap.
253 568 395 605 Claudii,
410 577 442 607 4,
457 568 511 607 48.
536 574 566 607 5,
586 576 614 606 3.
639 567 672 597 in
688 566 846 605 tribunos,
863 567 895 603 6,
910 575 963 607 40.

115 628 161 635 —
175 611 213 642 C.
230 611 369 648 Claudii,
386 611 490 651 patrui
506 610 614 650 Appii,
633 619 664 648 3,
681 619 736 649 40.

113 671 158 678 —
175 655 223 684 M.
241 654 367 685 Claudii
384 653 544 690 Marcelli,
560 653 777 692 respondentis
799 651 1023 683 accusantibus
1039 651 1166 691 Siculis,
1185 653 1239 693 26,
1255 663 1309 693 31.

160 697 302 735 ejusdem
318 698 358 727 ad
373 696 491 727 milites
506 697 540 726 in
553 697 673 733 castris,
691 703 745 733 27,
766 705 776 725 1
786 705 815 734 3.

114 756 157 764 —
174 740 346 771 consulum
361 740 394 769 in
411 740 556 770 tribunos
571 739 684 779 plebis,
699 748 732 778 4,
749 749 778 771 2.

115 800 160 807 -
174 784 216 814 A.
233 783 373 814 Cornelii
387 782 470 814 Coffi
492 782 653 814 distatoris
674 783 715 812 ad
739 780 872 820 milites,
889 782 919 817 6,
938 791 986 813 12.
1009 781 1050 812 ad
1066 781 1115 812 M.
1133 781 1310 821 Manlium,

115 835 216 901 -ῙῙῗ,
227 868 368 900 Cornelii
384 868 511 899 Lentuli
528 868 561 898 in
578 866 711 898 consilio
727 867 856 898 militari
873 868 914 899 ad
929 867 1105 906 Caudium,
1122 877 1155 908 9,
1170 877 1202 909 4.

115 929 161 936 —
174 912 209 943 P.
225 912 364 943 Cornelii
380 912 540 952 Scipionis
555 911 596 941 ad
610 910 741 947 milites,
758 921 812 948 21,
827 921 880 951 40,

115 971 161 979 -
174 955 207 987 P.
221 955 361 986 Cornelii
375 955 547 994 Scipionis,
563 954 615 996 qui
630 954 793 994 Africanus
805 954 899 984 dieras
915 953 965 994 est,
979 954 1019 984 ad
1035 954 1168 992 milites,
1185 955 1240 992 26,
1256 965 1311 996 41.

162 1005 194 1029 et
219 1008 273 1038 43.
295 998 336 1028 ad
359 998 540 1034 Allucium,
567 997 802 1028 Celtiberorum
828 999 1021 1038 principem,
1041 1005 1094 1038 50.
1117 998 1157 1028 ad
1180 998 1311 1037 milites,

163 1043 218 1079 28,
237 1048 288 1077 27.
304 1049 335 1072 et
353 1050 405 1080 32.
428 1042 462 1071 in
477 1041 586 1071 senatu
604 1040 822 1080 respondentis
846 1041 957 1078 Fabio,
973 1051 1027 1081 43.
1043 1041 1084 1072 ad
1100 1041 1312 1079 Mafiniffam,

162 1094 216 1124 30,
235 1094 284 1124 14.
309 1085 349 1114 ad
373 1083 584 1121 Annibalem,
600 1093 652 1122 3¹-
676 1084 716 1114 ad
742 1084 862 1123 legatos
883 1084 1051 1123 Antiochi,
1069 1091 1123 1124 37,
1142 1085 1194 1124 36.
1211 1090 1243 1116 et
1257 1092 1312 1126 45.

160 1128 200 1158 ad
217 1127 375 1167 populum
391 1128 448 1164 rei,
468 1128 521 1166 38,
540 1134 592 1166 51.

116 1187 160 1194 —-
174 1171 208 1201 P.
225 1170 363 1201 Cornelii
380 1170 540 1210 Scipionis
554 1168 694 1206 Naficae,
713 1171 766 1208 38,
785 1171 836 1210 58.

117 1230 161 1237 —
176 1213 209 1244 P.
223 1214 330 1251 Decii,
346 1214 464 1244 tribuni
482 1213 640 1249 militum,
659 1213 699 1243 ad
711 1213 844 1250 milites,
861 1221 893 1251 7,
912 1221 964 1253 35.

117 1273 159 1280 —
174 1257 207 1287 P.
225 1257 317 1287 Decii
341 1266 397 1297 pro
420 1256 502 1296 lege,
526 1256 565 1286 de
592 1256 771 1287 sacerdotiis
793 1266 872 1288 cum
896 1256 989 1297 plebe
1013 1257 1311 1297 communicandis,

164 1309 216 1337 10,
235 1309 265 1337 7.
288 1299 327 1330 de
340 1300 524 1339 provinciis,
542 1309 595 1339 24.

118 1359 162 1365 —
177 1343 216 1373 C.
230 1343 371 1374 Decimii
384 1343 426 1373 ad
440 1342 594 1376 Rhodios,
607 1349 663 1383 45,
682 1352 732 1374 11.

118 1402 162 1408 —-
179 1386 351 1423 Demetrii,
366 1396 422 1426 40,
443 1395 492 1417 12.

112 1439 161 1453 ι-
178 1429 333 1459 Eumenis
349 1430 388 1459 ad
404 1427 579 1459 AEmilium
593 1426 770 1468 Regillum,
783 1436 836 1467 37,
853 1437 901 1470 ¹9·
926 1429 965 1459 ad
982 1429 1142 1462 senatum.
1157 1436 1211 1470 45.
1234 1439 1314 1461 con-

162 1478 210 1502 tra
224 1472 385 1509 Perseum,
401 1482 456 1512 42,
478 1481 526 1501 11.
541 1478 573 1501 et
590 1480 639 1502 12.

118 1531 163 1539 —-
182 1515 233 1546 M.
249 1515 351 1553 Fabii,
370 1515 402 1551 8,
421 1524 472 1553 33.

120 1574 164 1581 —
180 1558 226 1589 M.
247 1557 334 1588 Fabii
352 1558 517 1593 Buteonis,
533 1556 706 1595 diCtatoris‚
724 1566 778 1596 23,
796 1567 847 1596 23.

118 1617 161 1624 —-
179 1601 222 1632 G.
237 1601 325 1632 Fabii
343 1602 376 1631 in
391 1600 619 1638 Terentinum,
636 1600 816 1638 tribunum,
834 1610 864 1639 3,
880 1611 910 1641 9.

116 1660 161 1667 -
177 1644 219 1674 Q.
236 1644 338 1681 Fabii,
355 1644 493 1683 magistri
509 1644 671 1683 equitum,
689 1645 721 1681 8,
736 1653 788 1682 3¹·

118 1702 162 1710 —
179 1687 220 1718 Q.
240 1687 328 1718 Fabii
345 1687 483 1717 Maximi
497 1686 697 1717 Cunctatoris
713 1687 753 1716 ad
766 1685 955 1724 AEmiliurn,
974 1696 1026 1723 22,
1044 1696 1096 1726 39.
1119 1688 1158 1718 de
1173 1688 1311 1719 consuli-

160 1730 220 1760 bus
235 1730 393 1768 creandis,
408 1740 461 1769 24,
479 1730 508 1760 8.
533 1730 566 1760 in
589 1730 711 1767 senatu,
729 1739 769 1760 ne
785 1730 926 1770 Scipioni
943 1730 1050 1761 Africa
1071 1732 1242 1764 mandetur
1256 1742 1312 1764 ex·

161 1780 210 1802 tra
223 1772 352 1809 sortem,
370 1773 423 1810 28,
439 1782 492 1813 40.

119 1831 163 1838 -·
179 1815 228 1845 M.
246 1815 362 1852 Fulvii,
378 1816 582 1855 triumphum
597 1816 748 1855 petentis,
765 1825 818 1855 39,
834 1826 866 1854 4.

118 1874 162 1880 ·—
179 1857 213 1888 L.
229 1858 328 1895 Furii,
343 1859 411 1897 post
426 1858 630 1888 consulatum
648 1858 704 1895 rei,
723 1869 754 1894 2,
772 1866 824 1898 54.

118 1917 161 1924 -
177 1901 211 1932 L.
226 1901 324 1938 Furii,
340 1900 460 1931 tribuni
476 1901 620 1931 militum
642 1900 797 1931 consulari
814 1902 979 1941 potestate,
995 1902 1034 1932 ad
1059 1901 1189 1941 milites,
1206 1905 1238 1942 6,
1257 1914 1310 1943 23.

119 1960 163 1967 -
179 1945 213 1974 L.
232 1943 315 1974 Furii
331 1943 474 1981 Camilli,
490 1944 522 1980 8,
540 1953 590 1982 13.

118 2003 162 2010 -
177 1988 212 2017 L.
231 1987 313 2017 Furii
330 1986 543 2026 Purpureonis
558 1987 703 2016 adversus
719 1987 779 2017 Cn.
796 1987 974 2024 Manlium,
991 1988 1043 2026 38,
1060 1995 1115 2028 45.

116 2046 160 2053 —
176 2030 223 2060 M.
242 2030 326 2060 Furii
342 2029 484 2066 Camilli,
503 2037 533 2069 5,
552 2037 603 2067 27.
624 2039 675 2068 30.
691 2039 744 2070 44.
759 2035 791 2060 et
809 2038 861 2070 51.
885 2031 916 2068 6,
936 2038 965 2067 7.
982 2040 1034 2071 24.
1052 2033 1103 2062 26.
1120 2038 1151 2062 et
1168 2033 1222 2072 38.

118 2088 162 2095 —
177 2072 345 2103 Gallorum
358 2072 536 2111 legatorum
554 2073 587 2102 in
604 2073 726 2108 senatu,
745 2082 797 2113 39,
814 2080 866 2112 54.

117 2131 160 2138 -
176 2115 330 2153 Guluffae,
348 2116 563 2156 respondentis
578 2116 688 2155 legatis
705 2115 1029 2156 Carthaginiensium,
1043 2126 1098 2156 42,
1116 2126 1167 2156 24.

117 2174 161 2181 --
178 2157 348 2188 Hannonis
363 2159 402 2188 de
418 2159 590 2196 Annibale,
610 2168 662 2196 21,
682 2168 710 2197 3.
727 2165 757 2188 et
775 2168 805 2197 9.
824 2168 875 2196 23,
898 2169 947 2190 12.

118 2216 162 2223 —
179 2200 355 2231 Heraclidis
378 2202 537 2242 Byzantii,
554 2202 647 2242 legati
665 2202 704 2232 ab
723 2203 886 2232 Antiocho
908 2203 948 2232 ad
973 2202 1138 2233 Romanos
1164 2203 1245 2234 miffi
1267 2205 1306 2236 de

162 2252 254 2282 pace»
271 2251 324 2281 37,
341 2251 392 2282 35·

116 2302 158 2309 —-
178 2286 387 2325 Hirpinorum
404 2293 435 2317 et
448 2287 644 2318 Samnitium
659 2287 700 2318 ad
717 2287 927 2325 Annibalem,
945 2298 998 2327 23,
1016 2299 1070 2328 42.

117 2328 225 2400 ——6M.
244 2328 367 2359 Horatii
398 2329 522 2360 Barbati
549 2330 695 2361 adversus
721 2331 932 2368 decemviros,
961 2341 992 2370 3,
1022 2341 1072 2370 39.
1105 2332 1144 2362 ad
1172 2333 1303 2371 milites,

187 2382 217 2401 2.

118 2430 161 2437 —
176 2415 211 2444 L.
228 2413 308 2444 Icilii
325 2421 436 2444 contra
451 2415 513 2454 Ap.
530 2415 715 2454 Claudiurn,
733 2425 764 2454 3,
780 2423 832 2456 45.

203 2457 288 2488 Vol..
307 2457 345 2487 V.
746 2458 759 2487 1
