1572 2616
212 136 266 178 80
634 152 978 181 ROMANORUM

535 365 862 408 CLAUDIA
905 367 1104 410 GENS.

208 653 393 710 PRIMA
421 671 504 709 haec
533 673 778 712 Claudiorum
806 687 897 725 gens
917 674 982 718 est,
1003 685 1049 710 ex
1067 671 1216 722 Regillo
1245 669 1399 707 Sabino·

204 751 292 776 rum
329 740 468 789 oppido
497 741 665 779 oriunda.
721 741 921 791 Originern
947 740 1052 791 genti
1080 739 1212 777 Actius
1239 735 1399 775 Clausus

203 805 322 849 dedit,
342 805 460 843 homo
488 807 589 843 domi
618 806 693 844 suae
721 807 855 845 nobilis
881 814 920 845 et
948 808 1082 851 clarus,
1110 806 1176 855 qui
1202 804 1351 853 Regillo
1378 816 1401 840 a

203 872 380 909 seditiosis
418 871 635 910 hominibus
668 873 809 922 pulsus,
845 875 1009 911 Romam
1041 883 1178 921 magna
1215 870 1400 907 clientum

205 949 322 974 manu
355 937 543 986 profectus
574 938 649 974 est:
680 938 830 986 reliquis
866 938 992 974 civitas
1022 937 1130 983 data3
1163 935 1240 986 ipse
1266 935 1400 973 Aetius

204 1000 377 1044 Clausus,
398 1001 463 1049 qui
491 1001 614 1049 postea
631 1001 779 1050 Appius
801 1000 980 1038 Claudius
1000 1000 1052 1036 est
1071 999 1205 1043 dictus,
1227 999 1266 1035 in
1294 998 1400 1034 sena-

205 1067 289 1098 tum
315 1075 357 1099 ac
378 1064 619 1112 patriciorum
646 1064 819 1101 ordinem
850 1069 1058 1113 cooptatus,
1080 1075 1122 1099 ac
1151 1075 1242 1099 mox
1270 1059 1402 1097 consul

202 1132 362 1169 creatus,
385 1126 494 1163 facile
512 1128 724 1176 principem
749 1129 787 1164 in
814 1127 1005 1176 republica
1022 1126 1151 1162 locum
1168 1125 1303 1168 tenuit,
1324 1123 1400 1160 cta·

203 1187 463 1237 riffimumque
482 1203 624 1226 nomen
643 1191 795 1239 posteris
822 1190 984 1227 tradidit.
1042 1188 1147 1226 Nam
1166 1193 1205 1223 et
1223 1184 1398 1234 ampliffi-

203 1263 288 1288 mos
309 1251 480 1297 honores,
501 1254 715 1303 complures
742 1253 987 1303 magistratus,
1011 1250 1220 1300 triumphos
1247 1246 1399 1286 nobilis·

204 1313 315 1351 fimos
342 1315 508 1361 affecuti,
536 1330 579 1354 ac
607 1319 846 1367 optimatium
874 1323 913 1354 et
942 1316 1185 1366 patriciorum
1213 1310 1400 1362 dignitatis

202 1385 334 1416 eontra
361 1382 438 1417 vim
467 1388 505 1418 et
532 1383 738 1431 potentiam
768 1382 951 1431 imperitae
980 1379 1231 1417 multitudinis
1248 1376 1400 1413 afferto-

204 1456 263 1482 res
283 1446 384 1482 unici
404 1446 551 1496 semper
570 1447 724 1484 fuerunt
742 1463 750 1483 :
780 1453 940 1496 excepto
961 1447 1141 1483 duntaxat
1161 1446 1201 1482 P.
1224 1443 1397 1488 Claudio,

204 1510 270 1557 qui
291 1511 339 1546 ob
358 1511 629 1560 expellendum
646 1512 739 1548 urbe
761 1512 1000 1555 Ciceronem,
1019 1510 1164 1547 homini
1191 1508 1343 1558 plebeio
1359 1508 1399 1544 in

204 1573 447 1622 adoptionem
477 1574 514 1610 se
553 1575 665 1612 dedit.
723 1574 1002 1623 Ampliffimam
1041 1585 1129 1610 vero
1162 1572 1259 1608 hanc
1291 1570 1398 1608 fuiffe

205 1645 374 1685 gentem,
396 1638 455 1674 vel
477 1639 563 1675 hinc
592 1640 801 1688 intelligere
830 1640 928 1679 licet,
950 1639 1050 1687 quod
1069 1639 1115 1675 ab
1135 1637 1261 1685 Appio
1280 1634 1398 1684 usque

207 1700 344 1738 Clauso
363 1702 488 1738 nullus
510 1703 547 1739 in
569 1704 664 1739 hanc
685 1703 864 1740 familiam
893 1703 1083 1740 tranfierit.
1140 1703 1272 1740 Scribit
1295 1703 1402 1740 enim

204 1765 359 1801 Tacitus
380 1766 474 1802 libro
492 1767 556 1803 xii.
611 1768 854 1804 Annotabant
870 1768 977 1816 periti
1000 1767 1143 1804 nullam
1158 1768 1398 1816 adoptionem

205 1830 303 1865 inter
321 1832 492 1878 patricios
513 1831 688 1868 Claudios
709 1833 875 1880 reperiri,
898 1832 1062 1880 eousque
1078 1833 1124 1867 ab
1142 1832 1268 1880 Appio
1282 1831 1398 1868 Clau-

204 1893 244 1929 so
265 1895 461 1930 continuos
482 1894 674 1931 durax-iffe.
731 1896 780 1931 Et
801 1896 998 1931 Suetonius
1020 1896 1057 1931 in
1073 1895 1244 1938 Claudio,
1268 1895 1398 1931 Adsci-

205 1963 311 1993 turus
331 1957 369 1993 in
388 1957 539 1994 fiuniliae
555 1971 695 1994 nomen
716 1960 928 2003 Neronem,
946 1958 1044 2008 quafi
1062 1959 1399 2008 reprehenderetur

205 2020 306 2067 quod
335 2020 463 2056 adulto
490 2020 570 2068 jam
604 2021 680 2058 filio
708 2023 923 2070 privignum
956 2022 1162 2070 adoptaret,
1193 2021 1398 2058 identidem

205 2082 423 2131 divulgavit,
454 2085 647 2120 nerninem
677 2097 844 2132 unquam
877 2096 945 2133 per
977 2084 1217 2132 adoptionem
1247 2083 1397 2121 familiae

206 2145 376 2182 Claudite
396 2146 588 2183 insertum.
647 2148 812 2184 Familiae
844 2156 970 2184 autem
993 2148 1157 2184 Claudiae
1177 2151 1297 2198 gentis
1326 2155 1398 2188 tres

205 2209 323 2245 fuere.
360 2210 479 2246 Prima
500 2223 631 2247 eorum
653 2211 703 2246 est
724 2213 786 2259 qui
807 2211 1036 2260 Regillenses
1055 2213 1141 2249 diffi
1162 2213 1259 2257 sunt,
1278 2226 1298 2250 a
1318 2214 1394 2249 Re-

203 2272 292 2322 gillo
314 2273 547 2318 Sabinorum,
570 2283 611 2311 ut
635 2275 810 2319 diximus,
833 2276 983 2324 oppidO,
1006 2284 1130 2313 vetere
1151 2277 1394 2313 Claudiorum

207 2336 336 2386 patria.
394 2338 577 2385 Secunda,
605 2350 736 2375 eorum
761 2339 826 2388 qui
856 2338 1003 2377 Pulchri
1024 2351 1045 2376 a
1063 2340 1100 2377 P.
1118 2339 1275 2377 Claudio
1295 2339 1396 2377 Caeci
