1572 2616
458 151 829 182 HISTORIARUM
867 153 1069 184 LIBROS.
1297 155 1352 201 33

168 235 309 271 Aurum,
323 231 424 264 Vlces
416 241 583 271 manum,
599 233 758 265 servatum
780 233 821 264 ad
836 232 970 266 ultimos
985 233 1099 266 casus'
1092 242 1126 263 in
1145 231 1298 264 sanffiore
1312 243 1357 266 aa·

210 278 303 315 rario,
321 284 438 314 27,10.

166 321 246 351 Auri
264 320 352 351 mille
367 320 475 359 pondo
491 320 629 360 pretium
647 320 758 360 populi
775 320 916 351 Romani
937 319 1073 358 fafilum,
1087 326 1119 359 5,
1136 320 1189 359 48.
1221 328 1354 359 aurum,

211 364 297 403 quod
313 363 415 394 Gallis
426 370 573 403 ereptum
589 370 668 400 erat,
686 363 742 393 sub
757 364 845 394 Jovis
860 363 933 395 sella
948 364 1024 403 poni
1037 363 1174 401 juflum,
1192 370 1241 403 50

165 407 245 437 Auri
261 416 299 436 ex
317 406 449 437 Gallicis
465 406 570 446 spoliis
585 416 744 445 magnum
757 407 897 446 pondus,
909 407 983 439 saxo
998 406 1152 447 quadrato
1168 406 1326 446 septum,
1319 416 1355 437 m

210 449 370 489 Capitolio
390 450 492 481 sacrat
512 450 549 481 C.
565 449 740 489 Sulpicius,
763 449 911 488 diclator,
930 458 960 488 7,
981 459 1030 491 15.
1055 450 1218 492 proportio
1239 450 1283 480 ad
1305 459 1356 482 ar·

205 499 354 532 gentum,
375 495 425 532 38,
446 503 494 524 11.

162 536 243 566 Auri
257 542 289 567 et
304 537 424 576 argenti
441 536 573 568 metalla
589 536 754 567 interdiffla
770 536 1019 574 Macedonibus,
1036 542 1092 576 45,
1110 545 1163 574 29.

163 579 255 609 Auro
270 586 301 609 et
317 586 448 619 argento
464 580 576 611 caelata
588 580 690 616 scuta,
708 590 740 618 9,
757 589 810 620 40.
833 586 956 617 aurata,
978 590 1029 616 10,
1049 589 1100 620 29.
1124 580 1212 619 signa
1226 585 1351 619 aurata,

211 631 264 662 33,
279 631 330 661 27.
347 625 469 654 Aurata
484 625 586 654 statua
602 624 706 663 prima
721 624 873 654 omnium
889 624 922 654 in
940 623 1034 655 Italia
1047 624 1175 660 statuta,
1190 633 1246 663 40,
1265 633 1318 663 34.

162 665 289 696 Aureus
305 666 452 704 baculus,
467 677 585 697 corneo
601 666 755 704 inclusus,
772 668 901 697 offertur
916 676 935 696 a
951 667 1049 697 Bruto
1060 665 1218 706 Apollini,
1238 675 1267 704 1,
1284 666 1339 707 56.

162 709 280 739 Aureae
297 717 413 749 paterae
437 711 477 740 ad
493 711 612 741 Cereris
634 710 752 750 positae,
773 721 825 748 10,
843 720 894 749 23.
910 710 1010 749 pelvis
1033 719 1128 740 aurea
1143 709 1183 739 ad
1197 710 1351 746 Junonis,

207 759 262 790 27,
280 762 333 792 33.
357 755 519 793 quadrigae
532 763 637 785 aureae
653 755 686 784 in
700 753 860 794 Capitolio
876 752 997 793 pofitae,
1012 762 1066 793 29,
1085 754 1136 791 38.
1155 761 1284 783 coronae
1296 761 1354 783 au-

204 804 279 832 reae,
295 796 362 827 vid.
377 796 515 828 Corona.

160 837 330 877 Aurunca,
347 840 414 870 vid.
432 840 550 871 Suessa.

162 882 310 912 Aurunci
335 883 456 913 bellant
480 883 627 914 adversus
641 882 821 920 Romanos,
837 894 866 917 2,
887 883 936 913 16.
957 890 1006 919 17.
1022 888 1053 912 et
1071 880 1122 913 26.
1139 887 1171 912 et
1189 888 1220 919 7,
1235 882 1287 912 28.
1316 881 1352 912 in

205 925 402 956 deditionem
414 927 628 967 accipiuntur,
639 927 756 967 eosque
771 927 898 958 defendi
913 925 1038 956 senatus
1051 924 1156 962 jubet,
1175 926 1208 964 8,
1225 933 1274 965 15.

162 967 200 998 C.
217 969 468 1007 Aurunculeius,
485 977 615 1009 praetor,
630 978 684 1008 27,
703 972 732 1001 6.
756 971 881 1001 sortitur
897 969 1090 1006 Sardiniam,
1108 975 1140 1005 7.

162 1009 200 1040 C.
215 1011 469 1050 Aurunculeius,
482 1013 629 1043 tribunus
646 1013 790 1044 militum
804 1015 904 1044 tertiae
920 1012 1066 1051 legionis,
1081 1020 1135 1047 27,
1150 1020 1204 1051 41.

162 1053 199 1084 L.
213 1054 467 1093 Aurunculeius,
484 1062 610 1095 praetor,
629 1058 682 1095 36,
693 1065 747 1097 45.
771 1054 1160 1093 sortiturjurisdiffionem
1175 1053 1348 1091 urbanam,

207 1104 260 1135 372
279 1108 306 1130 2·
332 1097 466 1137 legatus,
484 1107 537 1137 372
555 1106 607 1138 55·

161 1140 327 1178 Ausetani,
344 1142 468 1181 populi,
494 1142 682 1181 subiguntur
705 1142 744 1172 ab
761 1140 935 1176 Annibale,
955 1150 1005 1174 21,
1024 1150 1074 1179 23.
1102 1139 1262 1169 deduntur
1285 1139 1349 1169 Ro-

205 1184 324 1221 manis,
343 1185 393 1214 61.
417 1194 470 1215 eos
499 1186 538 1215 ad
554 1185 677 1215 bellum
696 1192 808 1215 contra
830 1185 997 1215 Romanos
1022 1184 1165 1214 concitat
1185 1182 1348 1220 Indibilis,

205 1236 259 1266 29,
278 1237 308 1258 2.
332 1228 516 1261 vincuntur.
531 1238 563 1267 3.
579 1228 646 1258 vid.
663 1236 690 1258 et
708 1238 760 1269 34,
775 1238 827 1260 20.

156 1269 339 1300 Ausetanus
354 1280 439 1310 ager,
458 1280 511 1311 39,
526 1273 577 1312 56.

160 1312 302 1350 Ausona,
317 1314 395 1344 urbs
409 1314 592 1352 Ausonum,
611 1326 643 1355 9,
662 1322 714 1355 25.

159 1355 305 1387 Ausones
321 1366 387 1387 uno
408 1357 520 1396 proelio
536 1359 711 1388 vincuntur
731 1368 750 1389 a
765 1357 934 1394 Romanis,
961 1358 993 1393 8,
1013 1357 1062 1387 16
1089 1355 1224 1386 veniunt
1241 1355 1273 1385 in
1290 1364 1346 1394 po-

203 1400 348 1430 testatem
365 1399 602 1439 Romanorum,
621 1413 653 1441 9,
673 1408 724 1441 25.
749 1401 918 1432 Ausonum
934 1410 1011 1439 gens
1027 1398 1143 1436 deleta,
1161 1398 1243 1430 ibid.

161 1441 336 1480 Auspicato
352 1443 464 1473 omnia
479 1452 592 1481 gerunt
608 1444 760 1481 Romani,
781 1454 808 1481 1,
828 1446 879 1483 36.
897 1445 928 1482 6,
945 1452 999 1483 41.

159 1484 350 1523 Auspicium
364 1487 518 1516 mentitus
535 1486 703 1525 pullarius,
722 1496 772 1524 10,
786 1497 842 1527 40.

159 1527 309 1566 Auspicia
325 1528 481 1566 neglena,
501 1539 553 1567 21,
572 1532 623 1567 63.

158 1571 309 1609 Auspicia
325 1581 423 1601 nemo
439 1572 535 1602 habet
549 1572 704 1611 plebeius,
717 1582 750 1612 4,
766 1573 796 1604 6.

158 1629 202 1636 -
217 1623 305 1644 more
321 1614 483 1652 majorum
502 1625 597 1654 penes
614 1616 730 1653 Patres,
747 1618 779 1652 6,
796 1626 850 1656 41.

156 1672 201 1679 —-
216 1657 347 1693 incerta,
366 1658 397 1694 8,
415 1667 466 1696 30.
490 1660 529 1689 ad
546 1659 724 1699 auspicium
747 1659 957 1699 repetendum
983 1660 1063 1690 redit
1086 1659 1228 1690 Romam
1244 1656 1342 1689 dieta-

199 1706 260 1737 tor‚
277 1700 348 1730 ibid.

158 1743 274 1779 Axius,
289 1743 420 1780 fluvius,
439 1754 492 1784 39,
512 1753 562 1784 54
586 1755 642 1785 44,
661 1746 711 1776 26.
725 1751 756 1775 et
771 1755 825 1785 43.
840 1753 896 1786 45,
916 1755 969 1784 29.

157 1785 280 1825 Axylos
292 1792 383 1822 terra,
401 1787 451 1824 38.
471 1788 521 1818 18.

157 1829 294 1865 Azorus,
321 1829 489 1869 oppidum,
521 1830 608 1860 venit
635 1831 668 1861 in
695 1831 893 1862 deditionem
917 1831 1029 1868 Persei,
1055 1840 1110 1869 42,
1141 1838 1192 1870 53.
1223 1829 1289 1860 vid.
1315 1836 1343 1860 et

198 1881 254 1911 44,
273 1882 302 1903 2.

735 1998 771 2029 B.

155 2104 424 2154 BABYLONJA,
443 2121 495 2159 38,
519 2129 565 2158 17.

155 2164 409 2194 Bacchanalium
426 2164 516 2194 initia
531 2174 570 2195 ex
585 2164 720 2201 Etruria,
735 2173 788 2203 39,
806 2165 836 2195 8.
848 2166 966 2195 nefaria
983 2166 1015 2196 in
1031 2166 1066 2196 iis
1081 2167 1197 2206 stupra,
1211 2166 1336 2206 aliaque

200 2206 325 2242 scelera,
344 2207 414 2237 ibid.
430 2216 542 2237 corum
557 2208 714 2238 indicium
731 2208 868 2239 defertur
883 2209 922 2239 ad
940 2209 1140 2240 Postumium
1154 2209 1334 2247 consulem,

202 2258 251 2280 ιι.
274 2251 404 2288 quaestio
419 2250 458 2281 de
481 2250 737 2281 Bacchanalibus
752 2251 925 2282 mandatur
940 2252 1137 2289 consulibus,
1159 2262 1206 2291 14.
1230 2253 1338 2285 Postu-

199 2293 283 2321 mius
305 2293 465 2324 invehitur
487 2294 518 2323 in
536 2293 761 2330 Bacchanalia,
784 2303 832 2334 15.
856 2295 1070 2325 Bacchanalia
1085 2296 1266 2334 diruuntur,
1283 2307 1335 2326 co-

198 2344 334 2374 rumque
360 2335 500 2366 anaores
527 2338 719 2377 puniuntur,
752 2346 801 2374 17.
826 2345 857 2368 et
885 2340 934 2370 18.
959 2337 1266 2370 senatusconsultum
1295 2341 1334 2371 de

194 2377 463 2418 Bacchanalibus,
481 2388 492 2409 1
500 2380 530 2410 8.
755 2423 780 2453 C

799 2431 816 2464 5
