1572 2616
223 156 314 202 '272
570 159 737 191 INDEX
771 161 826 190 IN
863 162 909 191 T.
936 162 1071 193 leu

271 238 380 279 pileati
405 238 577 279 epulantur
602 250 730 279 omnes,
747 241 821 272 ibid.
847 241 1059 274 simulacrum
1087 240 1236 274 celebrati
1262 242 1331 281 ejus
1357 243 1419 274 dici

269 283 439 314 Gracchus
461 282 575 313 Romae
602 285 690 324 pingi
710 284 803 322 jubet
826 285 859 315 in
881 285 950 316 aede
970 286 1136 322 libertatis,
1151 284 1224 316 ibid.
1240 286 1307 317 vid.
1323 293 1352 316 et
1366 293 1420 326 25,

272 334 327 357 20.
349 333 379 356 et
404 335 456 358 22.
479 326 620 357 Volones
646 328 680 357 in
707 328 981 359 undevicefimam
1005 336 1038 360 et
1065 328 1253 360 vicesimam
1279 329 1421 369 legiones

271 368 390 408 scripti,
408 377 458 406 27,
477 370 529 408 38.
545 369 612 401 vid.
627 377 655 400 et
672 371 724 408 28,
738 372 793 410 46.

229 410 335 443 Volsci
351 418 506 452 petuntur
522 412 608 443 bello
623 423 643 443 a
656 413 834 453 Tarquinio
851 414 1007 455 Superb0,
1027 425 1057 452 1,
1076 422 1128 455 53.

316 455 351 485 in
373 454 504 485 Volscos
527 455 609 498 milli
633 457 672 487 ad
696 458 899 488 frumentum
923 459 1193 498 comparandum,
1213 467 1244 496 2,
1263 466 1293 496 9.
1316 456 1424 499 Volsci

270 504 464 537 comparant
486 498 619 536 auxilia,
636 509 710 539 quae
736 500 868 531 mittant
893 501 1026 538 Latinis,
1044 511 1094 532 22.
1118 500 1241 531 obfides
1262 501 1341 530 dant
1365 507 1426 530 tre-

271 547 384 572 centos
406 541 592 582 principum
615 541 739 577 liberos,
764 542 837 573 ibid.
859 543 1027 574 occultum
1053 550 1166 583 parant
1191 543 1329 580 bellum,
1351 543 1424 574 ibid.

271 584 409 614 veniunt
424 584 464 614 ad
480 586 733 624 oppugnandam
747 586 875 623 urbem,
894 596 944 626 24.
967 589 1155 623 vincuntur,
1171 594 1220 626 25.
1240 586 1343 616 Volsci
1359 586 1424 616 Ro-

271 627 380 657 manis
394 626 517 658 bellum
542 628 693 662 inferunt,
711 638 763 667 30.
785 630 972 666 vincuntur,
991 629 1062 659 ibid.
1087 630 1124 660 iis
1145 629 1327 659 Veliternus
1349 637 1423 668 ager

271 669 434 707 ademtus,
452 679 502 709 31.
527 671 630 701 Volsci
646 672 792 702 Antiates
807 672 895 709 vieti,
913 681 965 711 33.
989 672 1029 702 ad
1044 672 1136 702 ludos
1153 672 1291 711 Magnos
1306 681 1426 711 magna

271 712 465 744 Volscorum
478 713 526 744 vis
542 714 684 746 Romam
699 716 801 753 venit,
821 724 871 754 37.
893 714 997 746 exaEli
1012 715 1104 752 urbe,
1121 714 1193 745 ibid.
1217 715 1370 745 concitati
1385 714 1427 745 ab

269 755 341 787 Att.
356 756 467 794 Tullo,
483 756 639 788 deficiunt
659 768 677 789 a
698 758 867 796 Romanis,
883 760 935 798 38.
950 765 982 789 et
1000 768 1051 800 39.
1074 764 1156 788 retro
1179 757 1383 788 abducuntur
1405 766 1426 788 a

273 798 458 837 Coriolano,
472 809 528 840 40.
555 801 690 832 redeunt
718 802 752 831 in
781 811 895 841 agrurn
923 801 1127 837 Romanurn,
1153 800 1226 832 ibid.
1255 800 1424 838 rebellant,

271 852 329 881 42.
353 844 452 873 castra
474 850 601 883 ponunt
617 844 650 874 in
666 845 781 875 Latino
795 854 883 884 agro,
900 845 953 875 sed
967 846 1157 881 vincuntur,
1172 850 1203 873 et
1219 843 1350 874 nullum
1373 852 1428 882 ge-

273 895 337 916 nus
352 886 544 917 calamitatis
563 888 835 927 contumeliaeque
858 897 926 918 non
948 888 1075 919 editum
1096 888 1129 917 in
1152 886 1296 923 Volscos,
1315 894 1366 926 53.
1389 886 1428 916 iis

271 928 414 959 induciae
436 929 470 959 in
497 939 599 960 annos
624 931 834 970 quadraginta
849 931 944 967 datae,
963 938 1015 971 54.
1038 929 1144 960 Volsci
1172 930 1346 960 instaurant
1361 928 1430 960 bel·

272 970 359 1009 lum,
376 973 428 1012 58.
451 972 588 1003 vincunt
603 972 780 1010 Romanos,
797 981 849 1015 59.
867 979 1058 1014 oppugnant
1072 973 1172 1003 castra
1188 972 1428 1012 Romanorum,

274 1014 331 1055 64.
353 1016 541 1053 vincuntur,
559 1016 612 1055 65.

317 1059 501 1097 praedantur
515 1068 605 1098 agros
620 1058 852 1096 Hernicorum,
871 1067 902 1098 3,
921 1060 952 1089 6.
976 1064 1114 1099 pergunt
1137 1059 1173 1088 in
1194 1067 1285 1098 agros
1308 1057 1442 1088 Roma··

274 1109 349 1138 nos,
366 1101 418 1131 sed
434 1102 603 1133 caeduntur
618 1112 738 1142 magno
754 1111 903 1139 numero,
919 1108 951 1132 et
966 1111 1088 1132 nornen
1102 1110 1214 1132 eorum
1230 1110 1329 1142 prope
1343 1100 1430 1131 dele-

273 1150 341 1182 tur,
360 1152 389 1181 7.
404 1151 436 1174 et
453 1146 483 1175 8.
506 1144 611 1175 Volsci
634 1152 666 1175 et
687 1146 786 1185 AEqui
809 1145 934 1176 bellum
957 1145 1145 1182 instaurant,
1167 1154 1215 1175 10.
1238 1145 1428 1181 vincuntur,

274 1196 331 1218 22.
344 1186 411 1218 vid.
426 1194 454 1217 er
470 1188 524 1218 60.

320 1230 465 1260 obsident
479 1230 633 1267 Ardeam,
649 1240 682 1270 4,
700 1242 731 1272 9.
755 1240 774 1261 a
787 1230 943 1261 Romanis
961 1229 1156 1267 obsidentur,
1174 1228 1246 1260 ibid.
1268 1227 1357 1267 victi,
1375 1228 1431 1259 de-

273 1272 344 1303 dito
359 1273 456 1312 duce,
472 1274 528 1303 sub
540 1273 659 1313 jugum
676 1274 860 1311 mittuntur,
881 1283 929 1304 10.
954 1282 1032 1303 cum
1048 1273 1164 1312 AEquis
1179 1273 1286 1303 denuo
1309 1271 1430 1302 Roma-

274 1316 328 1346 nis
352 1315 478 1347 bellum
502 1317 657 1354 inferunt,
674 1318 725 1349 26.
748 1323 938 1357 oppugnant
961 1317 1060 1347 castra
1083 1314 1236 1353 consulis,
1254 1322 1307 1351 27.
1330 1315 1431 1345 castra

275 1358 468 1389 Volscorum
483 1361 667 1399 capiuntur,
684 1370 736 1401 29.
758 1361 890 1400 captivi,
907 1365 1020 1399 praeter
1040 1359 1210 1395 senatores,
1227 1357 1431 1389 venumdan-

275 1407 343 1438 tur‚
360 1402 431 1432 ibid.
455 1402 560 1433 denuo
583 1403 708 1434 bellum
732 1404 872 1434 inferunt
896 1403 1064 1440 Romanis,
1085 1410 1135 1441 37.
1153 1408 1204 1442 55.
1228 1408 1260 1432 et
1283 1401 1336 1441 56.
1358 1401 1431 1431 vin·

275 1451 409 1483 cuntur,
436 1453 487 1486 57.
515 1446 648 1486 capiunt
673 1447 898 1486 Verruginem,
926 1446 1097 1486 oppidum,
1115 1446 1168 1485 58.
1200 1453 1314 1475 eorum
1339 1453 1432 1484 agros

276 1488 517 1528 depopulantur
532 1489 686 1528 Romani,
702 1498 752 1530 59.
777 1491 952 1521 vincuntur
967 1489 1087 1527 Volsci,
1105 1490 1157 1519 61.

321 1531 505 1570 praesidium
538 1532 683 1563 obsident
712 1534 752 1563 ad
781 1534 908 1570 Anxur,
940 1539 972 1572 5,
1004 1533 1053 1563 16.
1092 1540 1209 1572 pacem
1242 1531 1431 1570 impetrant,

280 1583 334 1614 23.

322 1618 442 1648 iterum
463 1618 597 1657 capiunt
621 1628 712 1649 arma
734 1618 878 1648 adversus
901 1617 1081 1653 Romanos,
1097 1617 1131 1654 6,
1149 1626 1180 1647 2.
1202 1624 1316 1646 eorum
1332 1616 1433 1646 eastra

277 1661 366 1699 capit
388 1660 557 1698 Camillus,
577 1660 651 1691 ibid.
677 1662 717 1691 ad
740 1661 938 1691 deditionem
963 1660 1166 1699 subiguntur,
1183 1658 1256 1688 ibid.
1279 1664 1433 1688 renovato

277 1701 378 1740 bello,
390 1704 579 1740 vincuntur,
594 1704 690 1735 6—8.
715 1703 880 1740 rebellant,
897 1713 908 1733 1
920 1712 946 1733 1.
969 1703 1055 1732 unde
1072 1702 1192 1732 Volscis
1208 1707 1240 1731 et
1253 1701 1369 1740 AEquis
1382 1707 1433 1731 to-

278 1746 341 1775 ties
366 1746 456 1776 vietis
483 1747 663 1778 suffecerint
689 1747 821 1783 milites,
853 1756 903 1777 12.
934 1746 1122 1782 vincuntur,
1153 1754 1202 1783 13.
1234 1744 1433 1775 Praenestinis

279 1787 462 1826 conjunfiti,
477 1796 665 1830 expugnant
680 1790 855 1826 Satricum,
873 1799 925 1820 22.
940 1789 1126 1824 vincuntur,
1144 1797 1196 1826 23.
1212 1794 1243 1817 et
1261 1796 1312 1826 24.
1329 1796 1432 1827 popu-

279 1830 389 1862 lantur
411 1841 527 1872 agrum
549 1834 751 1871 Romanurn,
771 1842 821 1872 31.
845 1841 958 1863 eorum
974 1832 1040 1872 agri
1059 1831 1262 1862 devastantur
1276 1839 1296 1861 a
1311 1829 1433 1860 Roma-

280 1874 345 1911 nis,
360 1874 432 1904 ibid.
457 1875 650 1914 funduntur,
668 1886 721 1916 32.

324 1918 514 1955 vincuntur,
535 1926 567 1955 7,
585 1926 637 1956 27.

324 1968 440 1990 eorum
461 1962 618 1991 exercitus
635 1961 776 1991 consedit
791 1961 831 1990 ad
846 1960 1018 1997 Satricum,
1036 1960 1069 1996 8,
1091 1968 1122 1988 1.
1143 1967 1221 1989 cum
1238 1956 1359 1989 Volscis
1373 1957 1433 1988 du·

280 2000 337 2032 bio
353 2002 458 2032 Marte
474 2010 668 2043 pugnaturn,
684 2004 755 2035 ibid.
772 2004 902 2043 fugiunt
917 2002 1022 2040 nolite,
1039 2000 1113 2032 ibid.

238 2044 347 2075 Volsci
361 2045 520 2083 Antiates,
537 2056 568 2084 2,
588 2056 639 2086 33.

238 2086 347 2118 Volsci
364 2088 525 2126 Ecetrani,
543 2099 575 2127 2,
593 2098 645 2129 25.

238 2129 375 2161 Volscus
388 2140 472 2170 ager,
494 2142 543 2168 10,
564 2141 591 2162 1.

238 2172 388 2210 Volscus,
402 2174 467 2204 vid.
484 2173 650 2204 Publilius.

240 2215 417 2254 Volsciani,
442 2217 605 2257 Hispaniae
628 2215 754 2256 populi,
774 2225 826 2252 21,
846 2225 896 2255 19.
918 2223 972 2245 eos
993 2219 1104 2245 contra
1124 2212 1241 2244 Poenos
1258 2211 1432 2243 sollicitant

285 2257 381 2298 legati
404 2259 559 2296 Romani,
576 2259 647 2290 ibid.
674 2268 787 2289 eorum
810 2258 933 2289 celebre
956 2267 1011 2298 per
1034 2256 1226 2297 Hispaniam
1248 2255 1289 2286 ad
1311 2255 1431 2296 legatos

284 2300 452 2332 Romanos
466 2303 663 2342 responsum,
679 2301 752 2332 ibid.

242 2342 293 2378 Μ.
307 2343 452 2376 Volscius
468 2346 580 2380 Fictor,
597 2346 652 2385 qui
674 2345 823 2376 tribunus
847 2343 949 2385 plebis
968 2344 1082 2381 fuerat,
1099 2342 1183 2374 testis
1205 2342 1239 2372 in
1261 2340 1428 2372 Caesonem

288 2384 464 2422 Quintium
478 2389 595 2428 existit,
611 2398 642 2429 3,
665 2397 715 2427 13.
737 2389 765 2420 ei
781 2388 868 2420 diem
889 2387 1001 2419 dicunt
1015 2388 1058 2419 A.
1073 2384 1238 2418 Cornelius
1253 2389 1285 2416 et
1300 2383 1342 2415 G.
1359 2383 1430 2414 Ser-
