1572 2616
395 180 764 211 HISTORIARUM
803 180 1006 211 LIBROS.
1222 171 1302 226 189

148 258 220 290 litas
236 266 267 290 et
289 260 432 297 avaritia,
451 259 522 290 ibid.
545 259 736 299 Proserpinae
751 260 916 291 thesauros
931 260 1057 300 spoliat,
1071 260 1143 291 ibid.
1157 261 1302 293 tribunos

150 303 318 333 crudeliter
333 304 463 338 occidit,
479 314 509 343 9.
526 302 566 333 de
587 312 626 332 eo
649 310 826 342 queruntur
849 304 1020 334 Locrenses
1036 304 1120 343 apud
1139 305 1300 341 senatum,

154 348 203 376 16.
225 354 274 383 17.
297 353 328 376 et
354 347 403 376 18.
419 345 574 376 adduftus
590 345 746 383 Romam,
759 347 792 376 in
808 346 947 377 vinculis
971 348 1121 384 moritur,
1136 357 1188 380 21.
1203 353 1236 377 et
1250 358 1301 379 22.

149 388 189 417 de
205 389 282 418 urbe
297 389 498 419 incendenda
514 388 698 426 conjurans,
715 396 848 419 necatur
861 391 896 419 in
911 398 1049 428 carcere,
1067 399 1120 429 34,
1136 400 1190 430 44.

108 429 255 468 Plestina,
271 432 355 464 urbs,
372 432 496 471 capitur
511 441 529 461 a
545 431 715 469 Romanis,
736 441 787 468 10,
807 441 837 471 3.

107 472 274 510 Pletorius‚
292 474 357 504 vid.
372 474 547 504 Plaetorius.

108 515 287 554 Pleuratus,
305 517 488 556 Illyriorum
512 526 579 555 rex,
598 518 652 554 26,
670 526 721 556 24.
748 525 800 553 27,
819 526 870 555 30.
895 518 949 555 28,
971 525 1001 557 5.
1023 527 1042 548 a
1069 518 1227 549 Romanis
1249 519 1305 549 ad-

152 559 284 598 scriptus
299 560 418 593 foederi,
436 569 514 590 cum
531 559 679 599 Philippo
695 560 790 597 inito,
809 569 862 598 29,
883 570 934 591 12.

109 600 282 635 Pleuratus,
299 603 480 633 Scerdilaedi
505 602 603 640 filius,
620 603 791 642 pollicetur
813 603 976 634 auxilium
993 603 1163 641 Romanis,
1180 613 1233 643 31,
1252 605 1307 635 28.

152 645 180 674 ei
205 645 310 684 Lycus
332 652 364 675 et
385 645 527 676 Parthini
543 646 623 683 dati,
644 655 698 685 33,
724 655 776 686 34.
799 646 962 676 maritima
977 646 1108 677 AEtoliae
1123 648 1236 685 vastat,
1254 648 1306 686 38,

153 694 183 723 7.
208 687 316 718 Gentii
332 696 433 727 pater,
447 698 504 728 44,
519 698 572 727 30.

106 727 285 768 Pleuratus,
304 732 410 761 Gentii
425 731 522 767 filius,
536 731 684 770 captivus
698 730 827 762 ducitur
837 731 992 770 Romam,
1007 742 1063 772 44,
1081 741 1134 770 32.

105 771 283 811 Pleuratus,
298 773 425 815 Illyrius
447 774 546 808 exsul,
561 774 685 813 legatus
701 784 720 804 a
741 775 850 805 Perseo
866 775 978 805 missus
1000 776 1039 805 ad
1064 775 1235 813 Gentium,
1250 784 1306 815 43,

156 825 208 847 21.

107 857 226 895 Plistia,
239 859 406 899 oppidum,
420 866 623 900 oppugnatur
638 869 657 890 a
669 859 882 897 Samnitibus,
899 869 931 899 9,
949 869 1001 892 21.
1014 860 1152 900 capitur,
1167 871 1220 893 22.

111 901 307 938 Plitendum,
321 904 490 942 oppidum,
506 904 558 940 38,
577 905 624 934 18.

112 944 236 974 Plumae
251 946 392 974 accensae
408 946 486 975 odor
499 953 530 975 et
546 946 655 976 fumus
672 946 831 976 immissus
847 946 881 976 in
904 946 1113 983 cuniculum,
1133 947 1186 987 38,
1204 954 1234 985 7.

111 986 213 1016 Plutei
231 988 263 1016 in
279 989 504 1026 oppugnandis
520 989 650 1018 urbibus
665 989 816 1026 adhibiti,
834 999 888 1027 21,
905 990 958 1020 61.
982 1000 1036 1029 34,
1057 997 1107 1026 17.

111 1029 259 1066 Pluvina,
276 1031 349 1060 urbs
367 1031 582 1067 Macedoniae,
600 1040 652 1069 31,
671 1041 722 1070 39.

112 1072 232 1102 Pocula
243 1073 365 1103 faciunt
379 1073 462 1104 Galli
481 1084 519 1103 ex
536 1074 627 1104 calva
640 1075 790 1108 hostium,
806 1084 860 1113 23,
880 1084 932 1114 24.

113 1115 219 1145 Poenae
233 1116 319 1154 apud
336 1116 501 1146 Romanos
514 1116 699 1153 mitiffimae,
719 1127 746 1153 1,
766 1118 817 1149 28.

111 1157 148 1188 C.
165 1158 315 1188 Poetelius
333 1158 461 1196 Balbus,
476 1159 601 1196 consul,
620 1167 651 1197 7,
672 1170 683 1190 1
695 1169 721 1190 1.
744 1161 784 1190 de
807 1159 909 1190 Gallis
929 1159 1180 1200 Tiburtibusque
1196 1161 1308 1192 trium-

154 1201 260 1240 phum
276 1202 353 1240 agit,
369 1201 440 1232 ibid.

116 1242 151 1272 C.
168 1244 332 1281 Poetelius,
350 1245 496 1274 tribunus
508 1244 623 1284 plebis,
639 1245 698 1275 fert
712 1244 817 1284 legem
829 1245 869 1276 de
880 1245 1019 1282 ambitu,
1039 1253 1067 1283 7,
1085 1255 1135 1286 15.

115 1285 152 1316 C.
168 1287 332 1324 Poetelius,
342 1287 463 1321 consul,
479 1296 510 1324 7,
528 1295 579 1324 27.

114 1329 150 1357 C.
170 1329 333 1367 Poetelius,
348 1331 473 1366 consul,
487 1332 518 1365 S,
539 1341 588 1368 23.
612 1330 757 1365 difflator,
773 1342 803 1370 9,
823 1332 873 1361 28.

112 1370 161 1401 M.
177 1372 328 1403 Poetelius
351 1374 462 1403 consul
487 1381 622 1408 creatur,
647 1384 680 1413 9,
707 1384 757 1412 24.
780 1383 858 1404 cum
882 1373 1005 1412 collega
1029 1375 1189 1404 Samnites
1207 1375 1307 1406 vincit

156 1414 281 1454 proelio,
299 1423 350 1452 27.
366 1415 506 1454 legiones
521 1416 560 1445 ad
576 1416 834 1455 oppugnandum
852 1418 1033 1446 Bovianum
1049 1417 1151 1454 ducit,
1169 1419 1220 1448 28.

114 1457 148 1488 P.
166 1457 326 1494 Poetelius,
340 1459 380 1488 ad
394 1468 501 1497 regem
518 1459 701 1499 Syphacem
715 1458 852 1498 legatus,
869 1467 921 1496 27,
935 1469 968 1497 4.

116 1501 157 1531 Q.
176 1500 326 1531 Poetelius
342 1501 504 1531 decemvir
521 1508 656 1537 creatur,
674 1511 705 1540 3,
724 1511 774 1541 35.

115 1544 309 1582 Poetnaeum,
327 1544 492 1574 castellum
509 1545 730 1579 Athamania,
751 1555 804 1585 39,
824 1552 875 1585 25.

113 1586 313 1623 Politorium,
330 1587 404 1617 urbs
421 1587 620 1624 Latinorum,
641 1614 645 1615 ⁷
660 1589 677 1615 ἱ)
694 1589 786 1617 Anco
803 1588 926 1618 Marcio
937 1587 968 1617 vi
986 1595 1091 1627 capta,
1112 1598 1141 1625 1,
1159 1598 1211 1627 33.

114 1629 278 1660 Pollentiae
292 1630 370 1660 Deae
384 1630 512 1669 signum
530 1631 562 1660 in
579 1631 675 1666 circo,
695 1640 747 1669 39,
767 1637 795 1666 7.

112 1672 268 1702 Pollentia
283 1673 410 1703 colonia
426 1672 573 1710 deducta,
593 1682 645 1712 39,
662 1682 712 1711 44.
733 1673 800 1703 vid.
816 1679 844 1703 et
859 1682 915 1711 41,
933 1681 984 1711 32.

114 1714 213 1745 Pollia
228 1715 340 1752 tribus,
358 1717 390 1753 8,
406 1725 457 1753 37.
483 1726 536 1756 29,
555 1723 608 1754 37.
631 1725 729 1746 nemo
746 1717 845 1746 ferme
868 1726 907 1747 ex
931 1715 1033 1747 Pollia
1054 1716 1140 1747 tribu
1157 1718 1308 1749 candida-

159 1764 210 1787 tus
226 1759 385 1798 Papiriam
403 1759 480 1789 ferre
496 1759 616 1794 solitus,
635 1760 668 1795 8,
686 1767 737 1797 37.

115 1800 257 1834 Polusca‚
274 1802 444 1840 oppidum,
462 1812 491 1838 2,
511 1812 560 1840 33.
586 1802 741 1832 Romanis
758 1801 910 1831 adimitur
923 1810 942 1831 a
956 1801 1140 1838 Coriolano,
1157 1812 1209 1842 39.

115 1843 284 1883 Polyaenus
301 1844 514 1884 Syracusanus
532 1854 587 1883 pro
611 1853 662 1873 ara
686 1844 874 1874 Concordiae
890 1851 1069 1874 orationem
1093 1846 1203 1883 habet,
1219 1853 1249 1875 et
1273 1845 1311 1875 li·-

159 1886 282 1923 beram,
299 1892 329 1916 et
346 1887 558 1923 moderatam,
577 1896 630 1925 24,
644 1896 696 1917 22.

116 1928 300 1969 Polyaratus
324 1930 470 1968 princeps
494 1930 709 1966 Rhodiorum,
726 1937 781 1969 44,
800 1938 851 1968 23.
875 1935 905 1959 et
921 1938 972 1967 29.
990 1929 1145 1960 Romanis
1162 1931 1308 1969 traditur,

160 1981 182 2010 4
207 1993 216 2007 ,
236 1981 287 2002 22.

114 1979 277 2054 P01y5bius,
300 2014 553 2053 haudquaquam
579 2014 769 2053 spernendus
793 2013 914 2052 auetor,
933 2023 986 2052 30,
1008 2022 1061 2054 45.
1087 2025 1154 2045 non
1173 2016 1313 2047 incertus

160 2056 280 2093 ᾶυέὶοῐ,
299 2066 402 2096 quum
429 2058 579 2087 onmium
605 2058 828 2087 Romanarum
854 2067 973 2093 rerum,
991 2065 1060 2087 tum
1089 2060 1249 2098 praecipue
1277 2061 1312 2090 in

160 2099 286 2129 Graecia
301 2101 471 2139 gestarum,
491 2109 542 2138 33.
564 2110 612 2130 10.
639 2111 692 2140 34,
711 2108 762 2139 50.
789 2102 841 2137 36,
864 2110 911 2137 19.
938 2109 990 2138 39,
1009 2108 1059 2139 52.
1083 2109 1139 2140 45,
1155 2108 1210 2140 45.

118 2142 303 2181 Polyclitus,
322 2143 484 2181 praesefflus
503 2143 666 2182 Epicydis,
683 2142 870 2172 interficitur
884 2143 1056 2181 syracuiis,
1077 2153 1130 2183 25,
1148 2148 1199 2174 25.

116 2184 302 2224 Polycratia,
319 2195 399 2214 uxor
417 2186 517 2221 Axati,
535 2187 728 2216 Achaeorum
745 2187 911 2224 principis,
930 2186 980 2224 spe
1005 2187 1161 2225 regiarum
1186 2188 1315 2226 nuptia-

163 2237 234 2257 rum
253 2236 270 2256 a
288 2227 434 2266 Philippo
452 2229 482 2257 in
503 2229 728 2258 Macedoniam
746 2230 931 2267 aiportatur,
950 2236 1002 2265 27,
1021 2239 1073 2267 31.

120 2269 346 2310 Polyphantam,
360 2271 425 2300 (iux
440 2271 592 2309 Philippi,
611 2279 664 2309 27,
683 2281 734 2309 32.
758 2272 791 2300 in
807 2272 964 2301 Boeotiam
983 2273 1133 2307 mittitur,
1151 2273 1205 2309 28,
1223 2278 1253 2311 5.

121 2312 344 2352 Polyxenidas,
360 2313 447 2342 exsul
472 2313 629 2352 Rhodius,
647 2313 810 2353 praefeflus
833 2314 934 2343 classis
958 2315 1126 2350 Antiochi,
1143 2317 1196 2352 36,
1211 2324 1264 2353 41.
1282 2323 1314 2346 et

161 2364 215 2394 43.
238 2354 381 2394 confligit
400 2363 478 2386 cum
493 2356 659 2392 Romanis,
676 2367 729 2397 44.
754 2358 834 2395 rugit
857 2359 892 2387 in
915 2363 1044 2395 portum
1062 2357 1188 2396 Ephefi,
1204 2368 1257 2398 45.
1278 2359 1312 2389 in
