1572 2616
190 183 245 225 86

188 276 294 308 dorus.
311 277 375 309 Dio
389 277 446 311 lib.

186 320 289 351 xlviii.
347 322 448 353 Hunc

187 363 403 404 Cuspinianus

188 406 446 446 diligentiffimus

187 452 422 490 antiquitatum

189 493 392 533 investigator
415 505 447 524 e-

187 546 246 567 um
284 538 445 568 existimat

187 580 242 619 qui
260 590 316 619 pro
331 581 447 611 consu-

186 622 216 654 le
230 623 379 654 Ciliciam
392 624 448 654 ad-

187 666 396 697 ministravit:
413 667 447 696 in

188 719 254 749 quo
267 711 316 740 vir
333 710 447 740 (1οᾶἰί-

188 752 286 784 fimus
322 763 448 784 memo-

186 796 241 827 riae
267 796 346 827 vitio
369 796 449 827 labi·

186 844 248 871 tur.
284 839 342 870 Ille
357 841 448 870 enim

184 882 249 923 Ap.
295 883 449 914 Claudius

186 927 231 957 est
246 927 310 965 Ap.
327 927 361 957 F.
373 926 449 956 Clo-

187 969 232 1000 dii
257 970 305 1000 Fr.
322 979 447 1009 germa-

187 1022 264 1050 nus,
288 1013 344 1052 qui
368 1022 448 1043 con-

187 1055 236 1087 sul
271 1056 333 1087 fuit
370 1064 447 1086 cum

187 1099 223 1130 L.
234 1097 394 1136 Domitio,
407 1099 448 1130 ad

186 1152 287 1182 quem
336 1149 449 1173 extant

186 1186 276 1226 epist.
286 1185 448 1216 Ciceronis

186 1228 244 1260 lib.
274 1229 319 1259 iii.
355 1229 447 1259 Fam.

185 1271 254 1303 Hic
276 1278 388 1302 autem
409 1271 449 1303 C.

186 1316 224 1347 F.
237 1325 256 1346 a
270 1315 378 1346 Dione
393 1324 450 1354 ap-

188 1358 337 1399 pellatur.
408 1358 449 1388 Et

188 1401 323 1443 quidem
366 1407 450 1431 tem-

189 1454 310 1486 porum
369 1444 449 1475 ratio

188 1490 254 1520 hoc
277 1488 348 1519 satis
366 1487 449 1518 dilu-
475 1513 480 1518 .

188 1533 261 1563 cide
291 1531 426 1562 ostendit
439 1542 446 1561 ι

188 1576 345 1607 Cicerone
377 1573 450 1612 jam

191 1626 265 1651 tum
332 1617 448 1648 occiso.

191 1656 301 1696 Hujus
338 1664 450 1688 autem

191 1701 318 1734 Claudii
344 1699 450 1731 adole-

190 1745 306 1776 scentis
333 1744 451 1774 memi-

192 1789 242 1819 nit
270 1788 382 1818 Cicero
412 1786 450 1817 li-

190 1831 249 1862 bro
279 1831 377 1871 Epist.
405 1830 449 1860 xi.

193 1875 234 1906 ad
244 1875 287 1906 D.
300 1875 448 1906 Brutum.

592 195 932 231 ROMANORUM

860 282 893 312 ii.
909 280 1068 312 Asconius
1085 282 1118 312 in

859 324 1090 356 Milonianarn.

859 367 1051 398 Plutarchus
1085 368 1118 398 in

860 410 1026 441 Cicerone.
1055 411 1119 441 Va·

859 453 954 484 lerius
966 454 1021 526 lilb.
1033 455 1076 485 ix.
1089 464 1116 485 ι.

859 538 895 570 P.
936 539 1120 570 CLAUDI-

864 591 904 612 us
923 592 951 613 P.
970 593 1068 614 run.
1084 593 1119 614 N.

863 626 1122 656 PULcHER.Me-

861 668 958 699 minit
1006 668 1120 699 Cicero

862 711 943 741 libro
970 712 1011 742 ad
1037 712 1122 742 Atti-

862 763 940 785 cum
984 756 1051 785 xiv.
1090 761 1122 785 et

862 797 1041 837 Philippica
1077 798 1122 828 se-

861 841 980 871 cunda.
1027 840 1121 870 Vale-

861 884 925 913 rius
949 893 1022 923 cap.
1038 891 1068 924 5.
1086 883 1123 913 li-

861 926 908 956 bri
948 926 1043 963 tertii,
1080 927 1123 956 ita

862 968 1048 1000 dissolutum
1091 975 1123 1000 et

862 1010 1066 1043 luxuriosum

863 1055 952 1085 fuiffe
1001 1055 1121 1092 scribit,

862 1104 900 1128 ut
947 1097 1122 1129 abdomine

863 1141 955 1171 avide
971 1141 1122 1171 devorato

863 1184 958 1214 {oedae
974 1192 1012 1214 ac
1025 1184 1121 1214 sordi-

863 1227 913 1256 dae
961 1226 1120 1266 intempe-

864 1270 975 1299 rantiae
1034 1269 1121 1309 spiri-

863 1318 937 1343 tum
980 1312 1121 1344 reddide-

863 1362 914 1387 rit.
