1572 2616
277 181 359 213 212
625 182 793 211 INDEX
830 183 885 212 IN
920 184 966 212 T.
993 183 1129 213 LIVII

275 260 371 298 Raeti,
388 260 453 291 vid.
472 260 590 292 Rhaeti.

275 304 310 334 L.
325 304 508 341 Rammius,
525 306 672 345 princeps
689 305 870 344 Brundusii,
886 306 1006 337 indicat
1021 306 1178 337 veneficia
1193 306 1304 344 Persei,
1321 316 1376 346 42,
1398 317 1408 337 1
1419 315 1447 344 7.

274 347 485 385 Ramnenses,
503 348 564 378 five
588 348 743 386 Ramnes,
761 351 894 389 antiqua
917 351 1030 388 tribus,
1047 357 1078 381 et
1093 351 1241 390 equitum
1261 351 1417 387 centuria,
1438 360 1467 387 1,

322 400 371 429 13.
390 398 421 421 et
439 392 491 430 36.
520 401 570 427 10,
589 393 619 422 6.

275 432 412 464 Ratibus
427 434 604 472 trajiciendi
620 434 766 465 fluminis
784 435 877 474 ratio,
896 446 948 474 21,
967 444 1019 473 27.

276 476 388 513 Reate,
407 485 458 516 25,
478 484 504 514 7.
531 480 584 513 26,
605 487 652 507 ιι.
670 484 700 507 et
719 488 770 516 23.

274 518 402 549 Reatini
420 520 613 559 pollicentur
629 521 772 560 Scipioni
790 521 920 559 milites,
939 524 992 560 28,
1006 529 1060 563 45.

275 562 421 599 Rebilus,
438 563 504 594 vid.
521 564 688 594 Caninius.

275 605 526 645 Recuperatores
543 614 603 637 tres
620 608 653 636 in
666 607 789 645 judicio
805 617 932 637 coronae
949 608 1093 645 mutam,
1113 609 1165 644 26,
1180 608 1233 646 48.

275 649 375 688 Regia
387 651 522 689 potestas
538 660 603 680 non
617 656 684 680 tam
702 652 876 681 immutata
891 651 1018 688 Romae,
1033 652 1164 682 indu6to
1177 650 1357 686 consulatu,
1371 658 1471 689 quam

318 692 407 723 velut
423 702 532 723 annua
548 694 641 730 facfia,
660 704 690 729 2,
713 703 739 723 r.

276 734 385 774 Regiae
402 736 485 775 leges
501 736 702 775 conquisitae,
720 737 751 772 6,
774 746 800 766 1.

274 778 364 818 Regii
383 780 526 810 nominis
541 790 579 809 ac
595 780 690 810 fastus
705 780 824 809 invidia
840 780 926 820 apud
949 780 1127 818 Romanos,
1146 792 1177 818 2,
1198 790 1224 810 1.
1246 788 1295 819 15.
1312 786 1341 809 et
1358 789 1412 819 41.
1437 788 1471 817 4,
1491 790 1501 799 ·

325 825 462 860 13—16.
487 824 518 859 6,
534 834 586 854 20.

274 863 365 902 Regii
390 866 532 896 nominis
554 867 658 895 honor
680 875 735 906 pro
759 866 886 904 magnis
896 875 978 906 “erga
1001 866 1030 896 se
1058 866 1178 896 meritis
1199 866 1292 896 datus
1310 865 1437 904 regibus
1454 873 1472 894 a

320 907 489 945 Romanis,
511 918 563 947 31,
585 919 595 939 1
607 919 635 939 1.

275 949 365 989 Regii
379 952 469 990 pueri
483 953 569 991 apud
586 951 781 982 Macedones
794 951 868 982 dieti
886 952 1070 992 principum
1082 952 1186 990 liberi,
1203 952 1242 982 ad
1259 951 1472 983 ministerium

319 995 399 1033 regis
415 994 519 1031 electi,
534 1005 590 1034 45,
610 996 639 1026 6.

272 1035 452 1076 Regillum,
468 1039 627 1077 oppidum
645 1038 853 1075 Sabinorum,
872 1048 902 1074 2,
924 1039 973 1068 16.

273 1079 419 1119 Regillus
434 1081 536 1119 lacus,
555 1091 586 1120 3,
604 1091 656 1112 20.
680 1082 720 1111 ad
736 1091 813 1111 eum
832 1083 871 1111 A.
886 1082 1067 1112 Postumius
1091 1080 1236 1121 prospere
1259 1085 1370 1111 contra
1392 1078 1476 1109 Lati.-

320 1133 379 1153 nos
396 1131 530 1163 pugnat,
546 1135 577 1161 2,
598 1135 646 1163 19.
662 1132 689 1153 et
708 1135 759 1156 20.
776 1124 841 1155 vid.
857 1131 884 1154 et
901 1125 933 1161 6,
951 1135 980 1156 2.

276 1165 431 1205 Regulus,
445 1167 512 1198 vid.
532 1168 657 1197 Atilius.

276 1208 403 1248 Religio
417 1220 435 1239 a
451 1211 563 1240 Numa
579 1210 737 1249 Pompilio
753 1211 938 1247 constituta,
960 1219 988 1247 1,
1010 1219 1058 1250 19.

274 1266 320 1276 ·-—
334 1252 520 1292 multiplex,
536 1260 568 1282 et
584 1253 733 1292 pleraque
748 1259 891 1289 externa,
908 1254 1036 1283 animos
1053 1253 1189 1291 invadit,
1205 1262 1238 1292 4,
1256 1262 1310 1292 30.

275 1310 321 1317 --
335 1304 419 1325 nova
434 1296 558 1334 obieeta
574 1306 613 1326 ex
630 1296 828 1326 carminibus
847 1296 1033 1333 Marcianis,
1052 1303 1105 1336 25,
1123 1306 1173 1328 12.

275 1354 320 1361 -—
334 1338 558 1369 Romanorum
577 1340 609 1368 in
626 1339 831 1378 suscipiendis
844 1340 938 1375 votis,
958 1349 1010 1378 31,
1029 1351 1059 1379 9.

277 1380 402 1419 Religio
417 1382 479 1411 loci
498 1383 615 1421 praebet
632 1383 777 1411 inducias
792 1382 936 1412 hostibus
952 1382 1046 1412 simul
1065 1381 1273 1418 versantibus,
1292 1390 1346 1421 44,
1365 1390 1417 1422 29.

276 1423 453 1463 Religionis
470 1434 547 1454 cura
563 1425 690 1460 Romae,
709 1433 739 1464 5,
759 1434 807 1464 15·
826 1432 877 1464 25.
895 1426 945 1454 28.
960 1435 1014 1465 40.
1031 1431 1062 1455 et
1076 1426 1132 1465 46.
1155 1434 1211 1465 40,
1230 1435 1281 1465 29.

276 1466 453 1506 Religionis
468 1475 610 1497 externae
626 1468 770 1498 induffio
785 1468 971 1506 perniciosa,
991 1476 1040 1507 25,
1062 1477 1087 1498 1.

276 1509 459 1549 Religiones
475 1511 572 1541 cultae
589 1521 608 1541 a
623 1512 730 1551 priscis
746 1511 903 1541 Romanis
919 1513 970 1551 pie
985 1512 1102 1551 magis,
1119 1520 1220 1550 quam
1240 1509 1426 1549 magnifice,
1445 1517 1478 1547 3,

278 1594 500 1634 Religionibus
517 1597 613 1626 dediti
632 1597 764 1632 Etrusci,
783 1603 814 1636 5,
835 1606 863 1626 1.

279 1637 428 1677 Religion
445 1639 523 1674 dies,
539 1639 572 1676 6,
592 1649 602 1668 1
613 1661 619 1668 .

279 1680 440 1719 Remiges.
464 1682 607 1711 edifitum
631 1681 803 1711 consulum
828 1681 866 1711 de
893 1681 1006 1712 dandis
1026 1681 1227 1721 Remigibu5‚
1244 1680 1363 1710 excitat
1377 1677 1481 1717 indig-

325 1724 492 1753 nationem
508 1732 539 1754 et
555 1724 712 1762 querelas,
730 1725 783 1760 26,
803 1734 854 1764 35.

280 1766 440 1797 Remulco
456 1768 577 1796 trahere
595 1777 703 1802 naveS‚
723 1777 776 1805 32,
794 1769 842 1797 16.
870 1774 922 1805 37,
940 1776 991 1806 24.
1194 1782 1195 1786 ¹

281 1810 404 1840 Remus
427 1819 446 1838 a
467 1809 644 1839 latronibus
670 1811 806 1850 capitur,
823 1818 854 1840 et
877 1810 1011 1840 Amulio
1033 1810 1179 1845 traditur,
1200 1819 1229 1845 r,
1249 1815 1277 1848 5.
1301 1808 1341 1838 ad
1365 1806 1483 1846 suppli·

323 1853 414 1882 cium
430 1853 594 1882 Numitori
608 1853 746 1889 deditur,
759 1853 832 1882 ibid.
856 1854 1057 1883 Aventinum
1073 1860 1218 1883 montem
1234 1852 1273 1881 ad
1288 1852 1482 1889 inauguran—

323 1896 405 1925 dum
421 1897 520 1934 capit,
541 1905 568 1932 7.
593 1897 620 1925 ei
638 1897 730 1935 priori
747 1897 918 1935 augurium
936 1897 1034 1933 venit,
1054 1896 1104 1926 sex
1123 1896 1276 1931 vultures,
1293 1893 1364 1924 ibid.
1387 1903 1406 1923 a
1422 1893 1483 1922 fra-

324 1945 370 1967 tre
385 1939 554 1973 occiditur,
570 1938 642 1967 ibid.

281 1980 381 2018 Reus,
398 1981 455 2010 cui
467 1981 610 2019 capitalis
625 1981 690 2010 dies
707 1980 790 2011 die'ta
805 1980 854 2017 sit,
872 1988 903 2011 et
919 1982 957 2011 de
974 1991 1038 2020 quo
1062 1981 1246 2021 propediem
1263 1980 1409 2009 futurum
1429 1977 1482 2015 ju-

327 2024 464 2060 dicium,
483 2024 600 2053 indieta
617 2023 723 2053 caussa
739 2034 805 2053 non
821 2024 913 2053 debet
930 2025 1054 2060 violari,
1075 2033 1105 2062 3,
1126 2033 1175 2061 13.

282 2066 368 2103 Rex,
386 2076 583 2104 cognomen,
600 2066 667 2096 vid.
685 2066 841 2103 Marcius,
860 2066 1020 2105 Rupilius.

283 2109 352 2139 Rex
369 2108 654 2148 sacrificulus,stve
670 2119 723 2139 rex
744 2110 918 2144 sacrorum,
939 2120 968 2144 z,
990 2119 1016 2138 z.
1043 2110 1075 2143 6,
1091 2117 1144 2146 41.
1170 2117 1202 2145 9,
1220 2117 1271 2147 34.
1297 2114 1350 2143 27,
1368 2106 1398 2136 6.
1422 2115 1480 2145 40,

325 2162 376 2191 42.
402 2151 470 2188 ejus
492 2152 703 2182 sacerdotium
730 2152 874 2191 pontifici
897 2151 1087 2188 subjeStum,
1107 2162 1139 2187 2,
1158 2161 1187 2181 2.
1210 2151 1237 2180 ei
1257 2150 1479 2188 magistratum

327 2204 433 2233 gerere
451 2204 516 2223 non
533 2194 636 2230 licuit,
654 2204 708 2232 40,
726 2205 779 2233 42.

283 2236 353 2266 Rex
370 2243 399 2267 et
417 2237 527 2266 civitas
544 2237 654 2272 libera,
671 2244 785 2267 natura
800 2237 880 2266 inter
897 2236 925 2265 se
943 2236 1086 2272 inimica,
1104 2244 1156 2275 37,
1176 2242 1226 2275 54.

283 2279 378 2318 Regis
396 2279 471 2308 mali
489 2286 596 2319 typus„
614 2290 668 2318 24,
686 2287 715 2318 5.

284 2322 385 2360 Reges
402 2322 541 2352 Rotnani
556 2332 573 2352 a
590 2322 711 2362 populo
736 2320 840 2360 eleffi,
856 2321 983 2352 aufftore
1006 2322 1130 2359 senatu,
1145 2321 1211 2352 vid.
1229 2319 1367 2360 Populus
1383 2326 1411 2349 et
1424 2319 1479 2350 Se-

327 2371 432 2393 natus.

283 2422 328 2430 -
343 2407 444 2437 exaffl
461 2417 501 2438 ex
517 2407 607 2445 urbe,
628 2417 656 2446 1,
673 2415 725 2448 59.
