1572 2616
443 187 814 218 HISTORIARUM
847 188 1058 218 LIBROS.
1261 179 1340 221 181

196 268 346 308 impellit,
363 275 415 306 27.
439 269 578 299 vincitur
591 275 622 298 et
636 269 765 308 fugatur
779 269 820 298 ab
835 268 972 299 AEmilio
988 268 1112 305 Paullo,
1128 269 1269 307 consule,
1286 281 1343 311 40.

195 312 316 354 etfiqq.
339 313 584 342 caduceatores
580 314 678 342 mittit
690 313 730 342 ad
745 312 927 351 consulem,
943 319 996 352 45.
1013 313 1258 343 Samothracam
1275 323 1344 354 per-

193 356 289 392 tenit,
306 355 378 384 ibid.
400 365 476 385 eum
494 356 633 394 sequitur
647 354 771 391 consul,
789 357 842 395 46.

237 398 304 435 ejus
317 399 356 428 ad
369 398 542 429 AEmilium
560 398 672 435 literae,
688 408 743 438 4,
759 408 791 437 4.
816 397 946 427 molitur
961 398 1071 438 fugam
1085 398 1208 434 frustra,
1227 399 1257 429 6.
1273 398 1344 436 ejus

194 441 282 479 pueri
306 442 469 471 transeunt
493 442 533 471 ad
560 442 734 474 Romanos,
759 441 829 470 ibid.
854 441 980 471 Perseus
1005 441 1068 480 ipse
1094 442 1122 471 se
1146 442 1252 479 tradit,
1269 441 1343 473 ibid.

192 492 269 513 eum
286 484 425 523 benigne
450 485 569 523 excipit
593 484 716 520 consul,
737 492 765 521 7.
782 491 813 514 et
830 485 859 513 8.
885 493 962 514 cum
986 484 1051 514 filio
1072 484 1220 524 Philippo
1237 486 1269 515 in
1285 494 1344 515 cu-

191 526 325 556 stodiam
344 529 492 563 mittitur,
511 529 562 557 28.
586 527 625 557 de
641 537 678 557 eo
695 528 872 566 triumphat
890 527 1028 565 Paullus,
1048 536 1098 565 39.
1122 528 1250 558 ducitur
1268 534 1343 558 ante

191 577 320 599 currum
338 570 475 606 vffitoris,
491 570 562 600 ibid.
586 571 770 610 deprecanti
788 571 872 600 hanc
890 571 1105 619 ignominiam
1121 571 1198 610 quid
1213 570 1343 601 Paullus

190 611 397 650 responderit,
415 613 485 642 ibid.
508 614 628 643 Albam
646 615 678 642 in
695 613 871 644 custodiam
891 614 1039 650 mittitur,
1056 623 1109 653 42·

148 644 184 683 C.
202 654 332 691 Penius,
350 657 395 685 vir
411 657 557 695 impiger,
573 657 667 686 caedit
679 657 884 692 Tarentinos,
902 657 954 693 26,
976 666 1026 696 39.

144 695 281 734 Perusta,
305 699 435 728 Etruriae
458 699 627 738 oppidum,
653 700 731 738 petit
754 708 883 738 pacem,
908 708 940 737 9,
960 706 1011 737 37.
1034 699 1191 738 accipitur
1206 699 1239 729 in
1255 699 1342 729 dedi-

189 740 325 777 tionem,
341 752 394 780 40.
409 741 474 771 vid.
493 749 520 771 et
540 752 590 777 10,
609 750 659 790 37.

146 781 293 812 Perusina
309 786 424 814 cohors
442 786 536 814 intrat
552 785 632 815 Cas-1}
625 786 742 821 inum,
760 793 813 823 23,
835 792 886 821 17.

146 825 285 856 Perusini
303 828 472 857 caeduntur
487 837 506 857 a
522 828 690 865 Romanis,
712 836 761 864 10,
783 836 832 865 30.
857 826 1023 863 rebellant,
1042 836 1092 866 31.
1119 826 1340 858 Perusinorum

185 876 323 907 quatuor
345 870 448 900 millia
469 878 498 900 et
524 871 691 910 quingenti
716 870 822 907 occist,
841 870 911 900 ibid.
936 870 1054 899 abietes
1079 871 1112 900 in
1136 870 1338 901 fabricandas

186 921 297 949 naves,
313 919 344 943 et
359 914 512 944 frumenti
530 923 687 954 magnum
704 923 878 943 numerum
896 913 1088 953 pollicentur
1111 913 1265 953 Scipioni,
1284 914 1338 951 238,

144 962 284 1027 Peiifnus
313 998 345 1027 in
372 997 520 1038 Phrygia,
539 1009 593 1039 29,
613 1009 663 1030 10.
687 1008 740 1038 34,
759 1009 788 1037 3.
814 1001 866 1037 38,
890 1000 938 1029 18.
963 999 1048 1029 Idaea
1072 999 1179 1029 Mater
1200 1008 1220 1029 a
1246 998 1340 1029 Peffi-

187 1047 288 1070 nunte
304 1040 444 1070 Romam
462 1042 604 1078 adve&a‚
623 1053 675 1083 29,
697 1051 745 1072 10.
762 1049 792 1071 et
813 1051 823 1071 1
835 1052 862 1071 ι,

143 1081 291 1113 Pestilens
307 1091 338 1113 et
354 1085 478 1113 aridum
492 1085 575 1114 circa
590 1085 703 1115 urbem
718 1085 833 1120 solum,
853 1092 882 1121 7,
903 1086 952 1123 38.

143 1124 333 1163 Pestilentia,
350 1126 418 1164 ejus
435 1127 539 1157 cauffa
556 1127 665 1158 clavus
682 1129 844 1167 pangitur,
866 1135 893 1163 7,
914 1136 944 1165 3.

143 1167 333 1207 Pestilentia,
349 1167 422 1209 quae
436 1171 537 1208 magis
555 1172 585 1200 in
602 1171 712 1211 longos
730 1170 872 1207 morbos,
889 1179 988 1210 quarn
1002 1170 1034 1200 in
1049 1169 1248 1209 perniciales‚
1265 1180 1339 1201 eva-

185 1212 233 1248 fit,
253 1220 304 1248 27,
323 1222 375 1251 23.
391 1212 457 1244 vid.
474 1214 579 1243 Pestis.

142 1252 234 1284 Pestis
260 1255 386 1292 Romae,
406 1266 435 1291 1,
453 1266 504 1295 3¹·
539 1265 570 1294 3,
589 1257 619 1286 6.
638 1262 668 1286 et
685 1266 734 1294 32·
765 1266 799 1295 4,
825 1266 877 1288 21.
896 1263 946 1296 25.
967 1265 1016 1294 30.
1035 1262 1065 1285 et
1084 1263 1135 1296 52.
1169 1263 1201 1295 5,
1223 1264 1270 1293 ¹3.
1305 1258 1337 1293 6,

187 1307 238 1327 20.
266 1306 295 1334 7,
318 1307 343 1328 1.
363 1309 390 1329 2.
407 1306 439 1329 et
457 1308 507 1336 27.
533 1300 564 1336 8,
586 1307 634 1336 17.
653 1305 684 1329 et
704 1300 752 1330 18.
777 1311 808 1340 9,
828 1300 879 1330 28.
907 1309 957 1337 10,
978 1308 1028 1337 31.
1045 1306 1075 1329 et
1090 1307 1144 1339 47.
1167 1308 1220 1338 40,
1240 1308 1290 1337 19.
1306 1307 1338 1329 et

186 1348 236 1377 37.
261 1350 316 1380 41,
336 1343 387 1372 26.

142 1397 185 1403 ·-—
201 1383 374 1422 Syracusis,
393 1391 444 1423 25,
465 1385 515 1414 26.

141 1440 185 1446 ——
203 1427 234 1454 in
250 1427 441 1457 exercitibus
459 1427 607 1456 Romano
622 1426 820 1465 Punicoque,
837 1427 890 1463 28,
907 1428 960 1466 46.

143 1466 271 1506 Petelia,
287 1470 363 1500 urbs
381 1470 412 1499 in
430 1470 570 1506 Bruttiis,
589 1479 641 1508 23,
661 1478 712 1508 30.
737 1477 790 1506 27,
807 1470 859 1500 26.

139 1509 356 1543 Petelinorum
373 1512 450 1542 fides
463 1522 536 1551 erga
553 1512 732 1549 Romanos,
747 1519 778 1541 et
794 1511 909 1551 legatio
923 1512 961 1541 ad
978 1511 1139 1549 senatum,
1158 1522 1211 1551 23,
1231 1522 1280 1544 20.

139 1552 300 1585 Petelinus
314 1555 405 1586 lucus
423 1565 521 1595 prope
538 1555 691 1593 Romam,
706 1556 739 1592 6,
756 1563 808 1586 20.
826 1556 859 1584 in
875 1563 913 1585 eo
929 1556 1062 1584 comitia
1078 1555 1200 1593 habita,
1216 1556 1334 1595 quibus

183 1597 356 1628 damnatur
373 1598 420 1628 M.
440 1598 594 1632 Manlius,
608 1597 681 1628 ibid.

138 1638 261 1670 Petillia
277 1643 409 1680 rogatio,
426 1643 479 1680 38,
499 1650 550 1681 54.

141 1682 174 1712 L.
192 1683 344 1722 Petillius,
361 1685 483 1724 legatus
499 1685 539 1715 ad
556 1684 722 1717 Gentium,
740 1683 921 1724 lllyriorum
938 1692 1058 1722 regem,
1074 1693 1129 1723 44,
1148 1691 1198 1720 27.
1215 1694 1234 1714 a
1248 1684 1336 1715 Gen-

182 1726 226 1756 tio
243 1727 412 1765 conjicitur
428 1728 461 1757 in
475 1737 646 1764 carcerem,
661 1727 732 1757 ibid.
750 1727 899 1756 liberatur
915 1727 954 1756 ab
970 1727 1100 1762 AniciO,
1118 1734 1261 1766 praetore,
1280 1738 1333 1767 32.

138 1767 173 1797 L.
192 1769 345 1807 Petillius,
363 1770 473 1806 scriba,
490 1780 545 1810 40,
564 1781 615 1811 29.
650 1771 681 1799 in
699 1770 767 1808 ejus
783 1779 856 1809 agro
870 1769 942 1799 libri
967 1769 1089 1799 Numae
1112 1770 1263 1809 Pompilii
1285 1772 1335 1800 in-

183 1813 280 1848 venti,
298 1813 368 1842 ibid.

138 1852 203 1883 duo
223 1854 264 1884 Q.
283 1855 408 1891 Petillii,
427 1856 545 1886 tribuni
562 1854 674 1894 plebis,
691 1854 776 1884 diem
801 1855 913 1884 dicunt
937 1854 1078 1894 Scipioni
1095 1854 1258 1891 Africano,
1278 1856 1331 1894 38,

182 1905 232 1936 50.
258 1896 311 1927 illo
329 1906 468 1936 mortuo,
487 1899 684 1937 rogationem
701 1897 907 1937 promulgant
931 1899 969 1927 de
992 1898 1129 1936 pecunia
1144 1898 1223 1936 regis
1238 1900 1333 1928 Anti-

179 1939 267 1975 ochi,
330 1963 336 1971 .

139 1981 178 2012 G·
198 1948 339 2013 PetillSiiis
357 1984 512 2024 Spurinus
529 1989 651 2013 creatur
668 1989 794 2022 praetor,
811 1989 841 2012 et
859 1983 982 2012 sortitur
1001 1981 1252 2019 jurisdifitionem
1279 1993 1332 2013 ur-

181 2026 313 2062 banam,
329 2037 384 2066 40,
404 2030 452 2057 18.
476 2027 554 2056 duas
570 2026 711 2065 legiones
726 2024 950 2055 tumultuarias
967 2026 1086 2055 civium
1106 2026 1330 2056 Romanorum

180 2068 465 2107 scriberejubetur,
486 2070 535 2099 26.
560 2069 655 2099 libros
678 2069 798 2098 Numae
823 2068 970 2106 Pompilii
998 2068 1082 2106 legit,
1099 2071 1213 2106 eoique
1228 2078 1267 2098 cx
1285 2069 1331 2098 se-

181 2112 417 2142 natusconsulto
440 2114 585 2142 comburi
610 2120 713 2148 curat,
734 2121 783 2151 29.
808 2119 931 2140 creatur
957 2110 1079 2146 consul,
1097 2121 1151 2149 41,
1173 2113 1220 2141 18.
1237 2113 1264 2141 ci
1284 2112 1330 2141 sa-

179 2154 333 2184 crificanti
362 2156 394 2185 in
417 2155 558 2193 jecinore
583 2165 647 2184 non
672 2155 841 2184 inventum
870 2161 980 2192 caput,
999 2154 1069 2183 ibid.
1095 2154 1227 2190 jubetur
1250 2154 1330 2184 bove

181 2195 336 2234 perlitare,
354 2197 424 2227 ibid.
448 2198 604 2227 occiditur
621 2199 652 2227 in
670 2197 781 2236 proelio
797 2197 943 2226 adversus
960 2197 1101 2235 Ligures,
1120 2207 1168 2227 22.

137 2238 302 2275 Petiturus,
319 2241 424 2270 amnis
439 2241 581 2275 zEwlwe,
599 2250 654 2279 43,
673 2250 723 2278 24.

138 2282 240 2317 Petra,
257 2283 412 2320 oppidum
431 2284 461 2312 in
480 2284 589 2320 Pirria.
607 2293 660 2323 39,
681 2284 731 2313 26.
754 2292 810 2321 44,
831 2291 881 2320 32
904 2291 956 2321 45.
973 2291 1026 2320 41.

136 2324 239 2359 Petra,
259 2325 332 2354 urbs
349 2325 443 2355 Maedi
449 2335 508 2362 εἰη,
524 2332 729 2365 oppugnatur
744 2335 761 2354 a
778 2325 939 2365 Philippo,
958 2336 1010 2364 arc,
1031 2334 1080 2354 22.

139 2367 186 2397 M.
206 2367 301 2396 P²ctre
306 2378 354 2403 ua,
371 2368 492 2407 leg-itus
507 2368 856 2408 Pompen,Epit.110.

137 2409 308 2448 Phacium,
327 2413 496 2451 oppidum,
514 2413 669 2445 vastatum
685 2421 704 2442 a
719 2411 880 2451 Philippo,
899 2420 951 2449 32,
975 2420 1022 2449 ¹3.
1039 2409 1105 2440 vid.
1122 2416 1150 2440 c!
1164 2411 1215 2449 36,
1234 2420 1282 2448 13.
