1572 2616
467 160 842 191 H-ISTORIARUM
880 159 1086 188 LIBROS.
1281 155 1373 200 12⁷

176 244 283 284 Legati
298 243 431 274 Graeciae
445 241 603 281 Afiaeque,
618 241 733 271 Romae
749 240 862 277 auditi,
882 249 936 279 34,
953 246 1074 280 57..43,
1093 239 1124 269 8.

175 305 219 310 —
236 287 383 327 Hispani,
401 295 578 325 eorumque
595 284 796 324 simplicitas,
811 294 868 324 40,
884 292 940 323 47.

176 347 219 354 -
237 331 408 371 lapydum,
428 329 655 368 Istrorumque,
673 335 703 358 et
722 329 912 362 Carnorum,
929 331 1109 368 queruntur
1131 324 1172 356 de
1192 323 1324 356 avaritia
1343 330 1377 356 et

220 374 405 404 crudelitate
421 372 606 408 consulum,
625 381 680 411 43,
703 379 730 408 7.
1258 379 1264 385 ²

177 433 220 439 —
233 418 359 447 Issenses
375 418 544 454 Gentium,
558 416 746 457 lllyriorum
761 424 883 455 regem,
898 414 1016 445 Romae
1031 411 1376 454 suspectumreddunt,

220 470 277 500 42,
298 461 349 491 26.

177 519 221 526 —
236 503 572 540 Lacedaemoniorum,
593 511 645 541 39,
663 512 716 541 33.

178 563 222 569 —
238 547 440 584 Latinorum,
459 548 491 582 8,
509 554 539 585 5.

176 606 221 612 —
234 591 446 621 Laurentium
463 590 627 629 pulsantur
642 599 660 618 a
676 587 864 628 propinquis
878 587 944 618 Titi
958 587 1059 623 Tatii,
1080 596 1109 623 r,
1130 595 1180 626 14.

177 649 222 656 -—
237 634 456 670 Locrensium,
474 633 565 663 obsiti
582 632 724 671 squalore
740 640 771 661 et
788 632 942 667 sordibuS,
959 640 1066 660 ramos
1086 630 1178 666 oleae,
1194 628 1379 661 velamenta

223 677 420 716 supplicum,
439 677 646 717 porrigentes,
664 683 841 714 queruntur
858 676 896 704 de
913 675 1086 711 Pleminio,
1105 682 1156 712 29,
1177 673 1228 704 16.

176 737 220 744 —
236 721 434 750 Macedones
450 720 577 750 dedu&
594 726 683 749 extra
705 719 818 749 urbem
834 719 869 748 in
882 717 997 748 villam
1020 717 1200 759 publicam,
1217 716 1326 758 ibique
1341 716 1380 748 iis

223 763 314 794 locus
329 772 359 794 et
376 764 475 794 lautia
491 764 636 803 piaebita,
655 772 780 804 33,-24.

176 823 221 830 —
239 807 406 837 Masiniffae
422 818 440 837 a
455 807 612 837 Romanis
628 807 803 843 donantur,
823 815 876 844 30,
900 813 950 843 17.

177 866 222 873 -—
238 851 386 886 Nabidis,
405 860 461 890 34,
479 861 532 890 42.

178 910 222 916 —
238 893 442 933 Neapolitani
458 904 575 924 aurum
592 893 730 923 offerunt
746 892 917 929 Romanis,
935 902 989 929 22,
1010 900 1062 930 32.

179 953 224 959 —
240 937 408 977 Pamphyli
423 946 576 967 coronam
594 946 724 967 auream
742 937 775 965 iri
791 937 915 966 curiam
932 937 1086 973 inferunt,
1103 944 1159 975 44,
1180 944 1231 976 14.

180 996 224 1003 —
240 980 338 1010 Persei
352 981 506 1018 jubentur
521 981 673 1010 excedere
690 980 794 1016 ltalia,
810 989 867 1018 42,
884 980 936 1019 36.

182 1039 226 1046 —-
242 1023 379 1063 Philippi
403 1024 443 1053 ad
467 1024 678 1060 Annibalem,
698 1033 749 1061 23,
768 1033 820 1062 33.
847 1033 898 1062 34.
916 1030 947 1052 et
965 1033 1016 1063 39.
1038 1022 1078 1052 ad
1099 1022 1239 1058 AEtolos,
1255 1032 1310 1062 31,
1329 1022 1382 1053 28.

224 1068 264 1097 ad
280 1067 455 1100 Romanos,
475 1077 528 1105 32,
548 1075 598 1105 37.
625 1076 678 1106 33,
696 1077 749 1106 24.
775 1066 965 1105 pollicentur
982 1067 1138 1096 Romanis
1159 1067 1335 1106 pecuniam
1350 1072 1383 1096 et

224 1111 440 1146 frumentum,
459 1113 512 1148 36,
525 1121 557 1150 4.
581 1120 734 1140 coronam
750 1119 881 1140 auream
896 1118 1030 1141 centurn
1047 1110 1156 1150 pondo
1169 1111 1203 1140 in
1214 1109 1384 1140 aedesovis

224 1154 340 1192 optimi
359 1154 499 1183 Maximi
517 1161 655 1193 ponunt,
673 1153 745 1182 ibid.

183 1212 226 1219 —
237 1197 438 1233 pisanorum,
455 1207 510 1236 45,
531 1206 580 1235 13.

181 1256 225 1263 —
240 1240 413 1270 Poenorum
429 1242 469 1270 ad
489 1241 685 1279 Philippum,
700 1239 783 1278 capti
802 1239 976 1268 mittuntur
993 1238 1147 1275 Romam,
1165 1248 1219 1278 23,
1237 1247 1291 1278 34.
1312 1238 1385 1270 Poe—

225 1292 342 1313 norum
359 1285 398 1313 ad
417 1283 598 1320 Masinissae,
616 1282 732 1312 Romae
749 1283 787 1312 de
803 1292 879 1322 agro
894 1282 1160 1323 disceptantium,
1179 1292 1234 1324 34,
1250 1286 1303 1315 62.

180 1341 226 1350 —-
241 1326 449 1361 Privernates,
468 1327 500 1362 8,
519 1336 570 1357 21.

180 1385 224 1391 —-
241 1368 366 1405 Pmfiae,
387 1370 526 1399 Romam
542 1368 635 1405 miffi,
654 1378 709 1408 44,
731 1378 781 1408 14.

181 1428 226 1436 —
241 1412 418 1449 Prolemaei,
434 1422 488 1452 31,
507 1424 536 1453 9.
561 1414 597 1443 'iis
615 1414 646 1442 iii
670 1412 810 1451 singulos
835 1421 972 1443 munera
996 1412 1138 1452 quinum
1155 1413 1298 1444 millium
1308 1412 1386 1444 aeris

225 1465 267 1486 ex
283 1456 408 1486 senatus
425 1455 571 1486 consulto
589 1456 693 1491 missa,
709 1455 782 1485 ibid.

181 1515 226 1523 —
242 1500 406 1529 Ptolemaei
432 1506 463 1529 et
486 1499 666 1539 'Cleopatrae
691 1497 901 1538 gratulantes,
924 1499 1012 1538 quod
1037 1499 1097 1530 Μ’.
1120 1499 1245 1530 Acilius
1267 1499 1387 1530 Antio-

227 1543 328 1572 chum
347 1543 474 1573 Graecia
489 1544 660 1582 expulerit,
678 1551 733 1581 37,
752 1552 782 1580 3.

183 1603 227 1610 -
244 1585 446 1616 Rhodiorum
471 1587 510 1616 ad
534 1586 751 1623 Antiochum,
769 1594 824 1624 33,
842 1595 893 1616 20.
917 1586 957 1615 ad
982 1585 1161 1623 Romanos,
1177 1586 1385 1625 querentium

225 1630 265 1659 <le
290 1629 516 1669 Sinopensium
539 1629 644 1667 clade,
660 1639 716 1669 40,
737 1639 764 1659 2.
789 1629 830 1659 ad
855 1629 1034 1666 Romanos,
1050 1639 1107 1670 44,
1128 1639 1175 1669 ¹4·
1200 1631 1318 1660 horum
1331 1630 1386 1660 su-

230 1672 326 1712 perba
341 1674 452 1707 oratio,
470 1673 542 1704 ibid.
566 1673 619 1704 alii
643 1673 751 1712 legati,
768 1681 821 1713 45,
840 1682 890 1704 20.
915 1673 1087 1704 miserabili
1110 1673 1254 1705 oratione
1277 1673 1388 1714 depre-

227 1722 341 1746 cantur
358 1718 437 1746 iram
455 1716 690 1752 Romanorum,
710 1727 762 1747 22.

183 1774 227 1782 —-
244 1760 392 1793 Romani,
412 1760 452 1790 ad
466 1760 675 1790 Coriolanum
692 1760 731 1790 de
747 1768 825 1800 pace
841 1759 937 1797 miffi,
956 1770 984 1794 2,
1003 1769 1056 1799 39.

271 1804 429 1839 Athenas,
446 1805 500 1842 qui
519 1804 646 1833 Solonis
663 1803 747 1843 leges
764 1804 986 1841 describerent,
1006 1813 1037 1842 3,
1057 1813 1110 1842 31.

268 1844 354 1882 jufl'u
369 1846 537 1876 'l'olumnii
555 1857 572 1876 a
591 1847 795 1877 Fidenatibus
811 1846 978 1882 interfeffi,
995 1857 1028 1886 4,
1047 1855 1097 1884 17.

272 1888 381 1923 Velm,
399 1898 428 1918 et
445 1889 616 1927 superbum
635 1890 820 1919 Veientium
838 1890 1034 1929 responsum,
1051 1900 1084 1929 4,
1102 1891 1153 1930 58.

272 1930 418 1970 Delphos
442 1933 615 1962 consulturi
641 1933 824 1969 oraculum,
850 1941 880 1973 5,
902 1941 950 1973 ¹5·
976 1933 1121 1973 Apollini
1145 1940 1303 1964 crateram
1327 1942 1386 1965 au·

231 1983 318 2004 ream
338 1976 455 2011 ferunt,
475 1977 525 2005 28.
543 1975 608 2006 vid.
622 1983 649 2005 et
666 1976 715 2009 28,
732 1983 786 2015 45.

273 2017 312 2046 ad
330 2017 453 2055 Gallos,
467 2027 643 2058 eorumque
661 2028 739 2049 cum
755 2018 856 2049 Gallis
872 2019 1088 2059 colloquium,
1107 2027 1141 2061 5,
1157 2028 1210 2060 35.
1226 2025 1258 2050 et
1275 2022 1327 2059 36.

274 2061 313 2090 ad
332 2061 506 2098 Samnites,
527 2071 554 2099 7.
574 2072 624 2100 3¹·
650 2064 682 2098 8,
703 2072 751 2101 23.

275 2103 306 2132 in
328 2104 516 2144 lliipaniam
536 2106 574 2134 ad
592 2106 802 2141 Annibalem,
816 2115 881 2135 non
898 2105 1129 2143 admittuntur,
1150 2115 1202 2142 2¹,
1222 2107 1252 2137 6.
1269 2112 1349 2148 ‘3²9-

229 2145 460 2185 Carthaginem
487 2148 581 2184 misti,
604 2151 653 2180 18.
679 2151 715 2179 iis
731 2149 862 2188 superbe
885 2149 1074 2189 respondent
1097 2149 1386 2190 Carthaginienses,

233 2187 305 2218 ibid.
323 2191 466 2221 ridentur
481 2201 499 2221 a
516 2192 627 2225 Gallis,
647 2202 697 2222 20.

278 2233 308 2260 in
328 2235 411 2262 varia
427 2234 498 2264 loca
515 2234 609 2271 miffi,
630 2245 679 2267 22,
700 2245 749 2273 33.

278 2275 362 2304 male
375 2278 582 2316 excipiuntur
598 2279 637 2308 ab
656 2278 857 2318 Hieronymo
869 2279 1143 2319 Syracusanorum
1158 2289 1244 2321 rege,
1261 2289 1316 2320 24,
1332 2281 1364 2312 6.

276 2318 436 2348 violantur
452 2329 470 2349 a
486 2321 811 2361 Carthaginiensibus,
830 2331 882 2360 30,
901 2331 952 2362 25.

277 2360 315 2390 ad
331 2361 554 2402 Ptolemaeum,
569 2374 623 2404 3¹»
641 2375 670 2396 2.
689 2365 728 2395 ad
743 2363 952 2403 Masinissam,
973 2375 1023 2398 11.
