1572 2616
196 148 255 192 34
542 148 705 177 INDEX
740 148 795 177 IN
829 148 875 176 T.
899 147 1033 178 L1V11

201 228 404 258 Baccharum
427 226 540 258 babitu
563 235 730 262 matronae,
756 228 899 258 crinibus
921 227 1023 268 paffis.
1040 236 1118 258 cum
1141 227 1322 259 ardentibus
1339 228 1385 259 fa.-

242 271 348 307 cibus,
372 271 411 300 ad
426 271 571 301 Tiberim
595 272 778 310 decurrunt,
794 271 1000 311 demissasque
1017 272 1049 301 in
1066 280 1186 310 aquarn
1201 271 1286 302 faces
1301 272 1384 302 inte-

244 323 299 353 gra
310 313 445 344 flamma
460 315 608 351 efferunt,
626 324 680 353 39,
701 324 751 354 13.

200 358 375 393 Baebium,
394 357 508 393 insula,
528 365 579 395 37,
598 367 652 388 21.

201 400 343 431 Baculus
359 400 424 430 sine
438 401 523 430 nodo
538 401 695 438 aduncus,
710 401 820 431 Lituus
833 399 949 438 ᾶίξὶυε,
969 410 999 437 1,
1019 401 1069 431 18.

201 444 319 474 Badius
336 444 522 482 Campanus
538 451 690 483 provocat
703 444 886 483 Crispinum
902 443 1060 483 hospitem
1075 443 1116 474 ad
1139 442 1296 483 fingulare
1319 452 1386 473 cer-

246 493 370 523 tarnen,
383 493 414 516 et
429 486 613 516 vulneratus
629 488 751 526 aufugit
766 487 805 516 ad
821 487 903 522 sum,
923 496 976 527 25,
993 488 1041 518 18.

203 530 243 561 A.
261 531 401 566 Baebius,
417 530 504 568 quod
520 529 638 560 milites
662 530 827 560 Romanos
847 529 1025 570 praebuiffet
1040 530 1081 560 ad
1097 529 1309 560 ministerium
1324 538 1388 560 cae·
1406 553 1409 555 .

248 574 295 602 dis
312 573 441 609 AEtolis‚
459 573 645 610 damnatur,
658 580 713 613 45,
731 575 783 604 28.
800 580 831 603 et
847 583 898 611 31·

202 616 266 647 Cn.
282 616 408 645 Baebius
427 615 635 654 Tamphilus,
651 616 798 646 tribunus
822 616 937 655 plebis,
961 615 1047 646 diem
1072 615 1150 645 dicit
1175 616 1224 646 M.
1242 616 1331 645 Livio
1357 620 1389 645 et

247 659 285 689 C.
302 658 438 688 Claudio
461 659 655 696 censoribus,
675 669 727 699 29,
745 666 797 697 37.
828 659 1009 698 designatur
1024 665 1151 698 praetor,
1167 668 1271 698 quum
1287 658 1392 688 aedilis

246 701 390 742 plebeius
405 701 491 737 esset,
511 711 563 739 31,
580 711 632 741 49.
649 709 679 731 et
697 710 748 742 50.
779 702 904 732 sortitur
919 702 1121 738 Ariminum,
1139 711 1194 740 32,
1214 711 1241 731 1.
1260 707 1388 741 praetor,

244 751 365 775 temere
381 744 533 783 ingressus
549 744 717 774 Gallorum
736 745 916 775 Insubrium
933 745 1026 781 fines,
1043 744 1133 774 clade
1149 744 1296 779 afficitur,
1316 751 1344 780 7.
1368 753 1388 774 a

247 788 379 819 consule
401 789 434 817 L.
453 787 588 817 Lentulo
606 788 726 826 probris
742 789 927 827 increpitus,
946 788 1110 827 provincia
1125 787 1277 817 excedere
1294 786 1391 825 jube-

248 837 313 868 tur,
327 831 399 861 ibid.
414 831 562 860 triumvir
578 831 714 860 coloniae
730 831 939 867 deducendae,
959 841 1011 871 39,
1027 840 1079 862 22.
1096 830 1220 867 consul,
1235 832 1274 870 56

204 874 266 905 Cn.
281 875 408 904 Baebius
430 873 637 912 Tamphilus,
654 881 780 912 praetor,
797 874 922 904 sortitur
939 873 1193 911 jurisdifflonem
1215 873 1387 910 urbanam,

245 926 301 956 44,
316 924 367 955 17.
391 917 513 955 legatus
529 918 562 947 in
578 916 758 956 Illyricum,
774 924 829 957 45,
850 927 860 946 1
871 924 898 953 7.

204 961 240 991 L.
258 961 397 997 Baebius,
415 963 537 998 legatus
550 961 582 990 in
600 960 842 996 Macedoniam,
858 970 913 1000 44,
935 961 983 990 18.

205 1004 240 1034 L.
259 1004 384 1033 Baebius
401 1004 510 1038 Dives,
532 1011 655 1033 creatur
671 1010 794 1042 praetor,
811 1011 863 1041 37,
879 1011 932 1042 47.
956 1002 1082 1032 sortitur
1098 1002 1289 1042 Hispaniam
1305 1001 1388 1032 ulte-

246 1047 376 1083 riorem,
395 1053 447 1086 50.
464 1056 553 1082 eum,
571 1047 825 1085 proficiscentem
844 1047 876 1074 in
894 1046 1108 1084 provinciam,
1125 1045 1387 1075 circumveniunt

248 1090 390 1128 Ligures,
422 1096 474 1129 57.
498 1088 562 1119 fine
593 1090 753 1120 liffkoribus
778 1089 912 1128 perfugit
939 1088 1124 1126 Maffiliam‚
1148 1088 1204 1118 ubi
1229 1089 1311 1118 intra
1335 1089 1389 1118 tri-

246 1133 350 1162 duum
367 1133 515 1171 exspirat,
533 1132 604 1162 ibid.

202 1176 252 1205 M.
270 1175 409 1210 Baebius,
425 1175 562 1213 legatus,
578 1185 629 1213 30,
646 1182 697 1215 25.

204 1219 254 1249 M.
279 1218 406 1248 Baebius
439 1218 646 1257 Tamphilus,
674 1219 820 1248 triumvir
849 1217 984 1248 coloniae
1011 1216 1220 1253 deducendae,
1252 1226 1305 1256 34,
1331 1223 1386 1256 45.

247 1268 376 1300 praetor,
395 1268 448 1300 35,
465 1270 513 1291 10.
527 1271 567 1290 ex
583 1262 711 1291 Bruttiis
728 1262 767 1291 ad
782 1262 960 1291 Tarentum
973 1266 1003 1290 et
1015 1259 1230 1290 Brundusium
1245 1259 1386 1298 legiones

247 1313 434 1342 promovere
452 1304 594 1341 jubetur,
622 1314 672 1342 23.
700 1304 830 1341 jubetur
852 1303 979 1334 transire
1006 1303 1039 1332 in
1065 1303 1212 1342 Epirum,
1237 1312 1288 1341 24.
1315 1311 1387 1340 pro-

245 1354 373 1386 praetor,
405 1348 459 1385 36,
478 1348 508 1377 8.
533 1348 565 1376 in
592 1347 752 1377 Thessalia
778 1348 931 1386 quasdam
956 1346 1050 1376 urbes
1073 1346 1172 1385 capit,
1204 1355 1253 1384 13.
1277 1346 1386 1384 praeest

248 1391 328 1430 parti
354 1391 526 1420 castrorum
555 1390 587 1419 in
611 1390 774 1420 obsidione
800 1390 977 1424 Heracleae,
1002 1399 1053 1419 22.
1081 1389 1120 1418 ad
1143 1388 1386 1427 disceptandum

245 1434 328 1463 inter
353 1432 538 1472 Philippum
556 1439 586 1462 et
608 1433 790 1463 Eumenem
810 1433 932 1471 legatus
949 1432 1095 1465 mittitur,
1110 1441 1160 1471 39,
1179 1441 1231 1470 24.
1256 1431 1387 1470 legatio-

246 1486 323 1506 nem
341 1478 520 1511 renunciat,
539 1485 589 1514 33.
606 1483 728 1505 creatur
742 1476 934 1515 consul‚40‚
953 1477 1000 1505 18.
1018 1476 1045 1503 ei
1063 1481 1267 1513 prorogatum
1285 1474 1386 1512 irnpe-

245 1519 344 1554 rium,
361 1521 412 1557 36.
438 1519 614 1548 exercitum
631 1520 664 1548 in
680 1520 834 1558 Apuanos
849 1519 978 1557 Ligures
995 1517 1130 1553 inducit,
1149 1518 1199 1554 38.
1214 1515 1306 1545 nullo
1319 1516 1388 1545 bel-

245 1562 278 1591 lo
291 1563 387 1600 gesto,
402 1562 593 1600 triumphat,
611 1561 682 1591 ibid.

204 1605 246 1636 Q.
259 1605 386 1634 Baebius
408 1603 614 1643 Tamphilus,
636 1603 759 1642 legatus
782 1603 821 1633 ad
836 1601 1034 1633 Annibalem
1057 1601 1179 1638 missus,
1204 1611 1256 1637 21,
1274 1602 1304 1631 6.
1329 1601 1387 1631 ite-

246 1657 319 1678 rum
336 1648 375 1677 ad
391 1646 680 1684 Carthaginienses,
700 1648 746 1677 18.

204 1692 246 1722 Q.
262 1691 389 1721 Baebius
407 1690 600 1725 Herennius,
615 1690 762 1719 tribunus
779 1688 892 1727 plebis,
908 1688 1097 1717 criminatur
1115 1686 1259 1716 senatum
1277 1692 1308 1716 et
1329 1695 1386 1716 au-

246 1743 348 1773 gures,
366 1743 418 1769 22,
437 1742 488 1771 34.
499 1733 566 1770 ejus
582 1733 682 1762 oratio
698 1733 730 1762 in
746 1731 881 1768 nobiles,
895 1730 966 1761 ibid.

204 1778 245 1807 O.
263 1777 402 1813 Baebius,
417 1775 563 1805 tribunus
580 1774 693 1814 plebis,
709 1785 762 1813 31,
780 1775 810 1804 6.

204 1822 246 1852 Θ.
263 1820 389 1850 Baebius
401 1818 510 1853 Sulca,
526 1817 662 1856 legatus,
680 1828 734 1857 42,
754 1819 782 1848 6.

204 1862 344 1896 Baecula,
358 1862 431 1892 urbs
449 1862 623 1900 Hispaniae,
636 1870 688 1896 27,
711 1862 758 1891 18.
777 1860 829 1896 28,
848 1869 894 1897 13.

202 1907 245 1936 A.
262 1904 478 1941 Baeculonius,
497 1904 619 1943 {ignifer
633 1911 717 1933 notae
734 1903 940 1939 fortitudinis,
957 1910 1012 1941 41,
1027 1902 1057 1931 8.

205 1949 338 1985 Baetica,
356 1948 409 1984 28,
429 1957 458 1977 2.

203 1992 312 2027 Baetis,
324 1990 456 2026 fluvius,
473 1991 524 2026 28,
546 1990 593 2019 16.
619 1989 733 2018 incolae
749 1997 882 2018 amnem
898 1989 987 2017 hunc
1003 1986 1123 2016 Certim
1140 1984 1313 2024 appellant,
1333 1995 1382 2016 22.

204 2034 358 2073 Bagrada,
376 2033 504 2069 fluvius,
521 2039 551 2061 et
567 2032 606 2061 ad
622 2041 696 2061 eum
714 2041 822 2070 pugna
838 2029 951 2069 Reguli
963 2038 1038 2058 curn
1057 2028 1210 2066 serpente,
1227 2036 1280 2066 30,
1299 2035 1350 2066 25.

204 2078 353 2112 Balanos,
371 2075 496 2114 regulus
512 2074 693 2111 Gallorum,
713 2074 867 2104 Romanis
888 2071 1007 2102 auxilia
1023 2070 1190 2110 pollicetur
1205 2070 1244 2099 ad
1258 2070 1383 2102 bellum

249 2120 514 2154 Macedonicum,
528 2128 582 2157 44,
605 2127 654 2155 ¹4·

206 2162 322 2198 Balari,
339 2162 491 2191 Sardiniae
504 2159 627 2199 populi,
639 2169 694 2197 41,
715 2169 762 2189 10.
787 2158 953 2188 caeduntur
968 2166 987 2186 a
1002 2155 1170 2194 Romanis,
1191 2156 1239 2185 16.

204 2205 323 2235 Balbus
336 2214 431 2234 mons
448 2203 596 2233 herbidus
612 2202 820 2240 aquosusque,
839 2211 891 2241 29,
910 2209 960 2238 31.

203 2248 360 2283 Baleares,
377 2246 487 2276 insulae
510 2246 596 2281 duae,
613 2244 715 2282 major
737 2251 768 2274 et
785 2244 902 2280 minor,
920 2243 972 2280 28,
988 2249 1038 2281 37.
1054 2240 1119 2271 vid.
1137 2247 1164 2270 ct
1179 2251 1235 2279 22,
1251 2250 1302 2273 20.
1329 2251 1384 2281 23,

249 2301 302 2329 40.
319 2290 404 2320 unde
419 2288 581 2328 appellati,
595 2287 676 2326 Epit.
695 2288 747 2318 60.
1197 2306 1199 2308 .

206 2334 349 2364 Baleares
360 2331 531 2371 peritiffimi
547 2331 734 2368 funditores,
749 2339 802 2368 21,
818 2339 868 2360 21.
887 2334 938 2368 55.
964 2338 1014 2363 22,
1034 2335 1084 2366 37.
1110 2327 1162 2365 28,
1182 2334 1232 2365 37.

207 2377 367 2407 Balearica
380 2375 490 2412 sunda,
510 2375 562 2412 38,
578 2382 629 2412 29.
1205 2391 1209 2395 .
