<?xml version="1.0" encoding="UTF-8"?>
<!DOCTYPE html PUBLIC "-//W3C//DTD XHTML 1.0 Transitional//EN"
    "http://www.w3.org/TR/xhtml1/DTD/xhtml1-transitional.dtd">
<html xmlns="http://www.w3.org/1999/xhtml" xml:lang="en" lang="en">
 <head>
  <title>
</title>
<meta http-equiv="Content-Type" content="text/html;charset=utf-8" />
  <meta name='ocr-system' content='tesseract 3.04.00' />
  <meta name='ocr-capabilities' content='ocr_page ocr_carea ocr_par ocr_line ocrx_word'/>
</head>
<body>
  <div class='ocr_page' id='page_1' title='image "./historiarumquaes05livyuoft_0227.png"; bbox 0 0 1572 2616; ppageno 0'>
   <div class='ocr_carea' id='block_1_1' title="bbox 462 187 1367 230">
    <p class='ocr_par' dir='ltr' id='par_1_1' title="bbox 462 187 1367 230">
     <span class='ocr_line' id='line_1_1' title="bbox 462 187 1367 230; baseline 0.003 -14"><span class='ocrx_word' id='word_1_1' title='bbox 462 187 837 217; x_wconf 84' lang='lat' dir='ltr'>HISTORIARUM</span> <span class='ocrx_word' id='word_1_2' title='bbox 875 188 1082 217; x_wconf 80' lang='lat' dir='ltr'><strong>LIBROS·</strong></span> <span class='ocrx_word' id='word_1_3' title='bbox 1287 187 1367 230; x_wconf 85' lang='lat'>207</span> 
     </span>
    </p>
   </div>
   <div class='ocr_carea' id='block_1_2' title="bbox 174 267 1374 825">
    <p class='ocr_par' dir='ltr' id='par_1_2' title="bbox 177 267 462 308">
     <span class='ocr_line' id='line_1_2' title="bbox 177 267 462 308; baseline -0.004 -10"><span class='ocrx_word' id='word_1_4' title='bbox 177 267 321 308; x_wconf 89' lang='lat' dir='ltr'>Pylleon‚</span> <span class='ocrx_word' id='word_1_5' title='bbox 338 277 393 308; x_wconf 85' lang='lat'>42,</span> <span class='ocrx_word' id='word_1_6' title='bbox 409 276 462 307; x_wconf 91' lang='lat'>42.</span> 
     </span>
    </p>

    <p class='ocr_par' dir='ltr' id='par_1_3' title="bbox 176 311 614 351">
     <span class='ocr_line' id='line_1_3' title="bbox 176 311 614 351; baseline 0 -10"><span class='ocrx_word' id='word_1_7' title='bbox 176 311 284 351; x_wconf 89' lang='lat' dir='ltr'>Pylus,</span> <span class='ocrx_word' id='word_1_8' title='bbox 302 311 472 351; x_wconf 86' lang='lat' dir='ltr'>oppidum,</span> <span class='ocrx_word' id='word_1_9' title='bbox 491 317 544 348; x_wconf 90' lang='lat'>27,</span> <span class='ocrx_word' id='word_1_10' title='bbox 563 320 614 350; x_wconf 88' lang='lat'>30.</span> 
     </span>
    </p>

    <p class='ocr_par' dir='ltr' id='par_1_4' title="bbox 175 352 1374 436">
     <span class='ocr_line' id='line_1_4' title="bbox 175 352 1374 395; baseline 0 -11"><span class='ocrx_word' id='word_1_11' title='bbox 175 355 266 395; x_wconf 82' lang='lat' dir='ltr'>Pyra,</span> <span class='ocrx_word' id='word_1_12' title='bbox 284 354 375 384; x_wconf 87' lang='lat' dir='ltr'>locus</span> <span class='ocrx_word' id='word_1_13' title='bbox 398 355 432 384; x_wconf 90' lang='lat' dir='ltr'>in</span> <span class='ocrx_word' id='word_1_14' title='bbox 456 361 567 384; x_wconf 86' lang='lat' dir='ltr'>monte</span> <span class='ocrx_word' id='word_1_15' title='bbox 583 354 673 391; x_wconf 84' lang='lat' dir='ltr'>OEta,</span> <span class='ocrx_word' id='word_1_16' title='bbox 701 354 758 384; x_wconf 88' lang='lat' dir='ltr'>ubi</span> <span class='ocrx_word' id='word_1_17' title='bbox 785 353 934 385; x_wconf 89' lang='lat' dir='ltr'>Herculis</span> <span class='ocrx_word' id='word_1_18' title='bbox 960 352 1095 384; x_wconf 87' lang='lat' dir='ltr'>mortale</span> <span class='ocrx_word' id='word_1_19' title='bbox 1118 362 1233 393; x_wconf 85' lang='lat' dir='ltr'>corpus</span> <span class='ocrx_word' id='word_1_20' title='bbox 1250 362 1374 384; x_wconf 84' lang='lat' dir='ltr'>crema-</span> 
     </span>
     <span class='ocr_line' id='line_1_5' title="bbox 220 398 446 436; baseline 0 -9"><span class='ocrx_word' id='word_1_21' title='bbox 220 405 306 434; x_wconf 88' lang='lat' dir='ltr'>tum,</span> <span class='ocrx_word' id='word_1_22' title='bbox 325 398 377 435; x_wconf 80' lang='lat'>36,</span> <span class='ocrx_word' id='word_1_23' title='bbox 396 407 446 436; x_wconf 86' lang='lat'>30.</span> 
     </span>
    </p>

    <p class='ocr_par' dir='ltr' id='par_1_5' title="bbox 175 440 740 480">
     <span class='ocr_line' id='line_1_6' title="bbox 175 440 740 480; baseline 0.002 -10"><span class='ocrx_word' id='word_1_24' title='bbox 175 440 311 480; x_wconf 87' lang='lat' dir='ltr'>Pyrenes</span> <span class='ocrx_word' id='word_1_25' title='bbox 327 440 600 480; x_wconf 83' lang='lat' dir='ltr'>promontorium,</span> <span class='ocrx_word' id='word_1_26' title='bbox 617 440 671 479; x_wconf 90' lang='lat'>26,</span> <span class='ocrx_word' id='word_1_27' title='bbox 691 449 740 479; x_wconf 86' lang='lat'>19.</span> 
     </span>
    </p>

    <p class='ocr_par' dir='ltr' id='par_1_6' title="bbox 175 483 498 524">
     <span class='ocr_line' id='line_1_7' title="bbox 175 483 498 524; baseline 0 -11"><span class='ocrx_word' id='word_1_28' title='bbox 175 483 357 524; x_wconf 80' lang='lat' dir='ltr'>PyrenaeuS,</span> <span class='ocrx_word' id='word_1_29' title='bbox 376 494 428 520; x_wconf 87' lang='lat'>21,</span> <span class='ocrx_word' id='word_1_30' title='bbox 447 493 498 523; x_wconf 81' lang='lat'>24.</span> 
     </span>
    </p>

    <p class='ocr_par' dir='ltr' id='par_1_7' title="bbox 174 526 616 567">
     <span class='ocr_line' id='line_1_8' title="bbox 174 526 616 567; baseline 0.002 -11"><span class='ocrx_word' id='word_1_31' title='bbox 174 526 315 567; x_wconf 84' lang='lat' dir='ltr'>Pyrenaei</span> <span class='ocrx_word' id='word_1_32' title='bbox 334 534 472 561; x_wconf 86' lang='lat' dir='ltr'>montes,</span> <span class='ocrx_word' id='word_1_33' title='bbox 490 536 544 564; x_wconf 86' lang='lat'>21,</span> <span class='ocrx_word' id='word_1_34' title='bbox 562 537 579 557; x_wconf 91' lang='lat'>2</span> <span class='ocrx_word' id='word_1_35' title='bbox 585 536 616 565; x_wconf 81' lang='lat'>3.</span> 
     </span>
    </p>

    <p class='ocr_par' dir='ltr' id='par_1_8' title="bbox 176 569 561 610">
     <span class='ocr_line' id='line_1_9' title="bbox 176 569 561 610; baseline 0.003 -11"><span class='ocrx_word' id='word_1_36' title='bbox 176 569 345 610; x_wconf 86' lang='lat' dir='ltr'>Pyrenaeus</span> <span class='ocrx_word' id='word_1_37' title='bbox 361 569 470 607; x_wconf 82' lang='lat' dir='ltr'>saltus,</span> <span class='ocrx_word' id='word_1_38' title='bbox 488 569 561 600; x_wconf 80' lang='lat' dir='ltr'>ibid.</span> 
     </span>
    </p>

    <p class='ocr_par' dir='ltr' id='par_1_9' title="bbox 176 613 596 653">
     <span class='ocr_line' id='line_1_10' title="bbox 176 613 596 653; baseline 0.002 -11"><span class='ocrx_word' id='word_1_39' title='bbox 176 613 454 653; x_wconf 87' lang='lat' dir='ltr'>Pyrenesjugum,</span> <span class='ocrx_word' id='word_1_40' title='bbox 473 623 524 652; x_wconf 82' lang='lat'>31,</span> <span class='ocrx_word' id='word_1_41' title='bbox 544 622 596 652; x_wconf 86' lang='lat'>30.</span> 
     </span>
    </p>

    <p class='ocr_par' dir='ltr' id='par_1_10' title="bbox 178 656 580 696">
     <span class='ocr_line' id='line_1_11' title="bbox 178 656 580 696; baseline -0.002 -10"><span class='ocrx_word' id='word_1_42' title='bbox 178 656 321 696; x_wconf 79' lang='lat' dir='ltr'>Pyrenaei</span> <span class='ocrx_word' id='word_1_43' title='bbox 336 663 458 696; x_wconf 81' lang='lat' dir='ltr'>portus,</span> <span class='ocrx_word' id='word_1_44' title='bbox 477 667 530 696; x_wconf 80' lang='lat'>34,</span> <span class='ocrx_word' id='word_1_45' title='bbox 550 658 580 686; x_wconf 91' lang='lat'>8.</span> 
     </span>
    </p>

    <p class='ocr_par' dir='ltr' id='par_1_11' title="bbox 178 699 819 740">
     <span class='ocr_line' id='line_1_12' title="bbox 178 699 819 740; baseline 0.002 -11"><span class='ocrx_word' id='word_1_46' title='bbox 178 699 309 740; x_wconf 87' lang='lat' dir='ltr'>Pyrgus,</span> <span class='ocrx_word' id='word_1_47' title='bbox 327 700 494 730; x_wconf 82' lang='lat' dir='ltr'>castellum</span> <span class='ocrx_word' id='word_1_48' title='bbox 512 699 678 735; x_wconf 82' lang='lat' dir='ltr'>Eleorum,</span> <span class='ocrx_word' id='word_1_49' title='bbox 697 706 750 736; x_wconf 82' lang='lat'>27,</span> <span class='ocrx_word' id='word_1_50' title='bbox 767 708 819 737; x_wconf 85' lang='lat'>32.</span> 
     </span>
    </p>

    <p class='ocr_par' dir='ltr' id='par_1_12' title="bbox 178 741 1180 782">
     <span class='ocr_line' id='line_1_13' title="bbox 178 741 1180 782; baseline 0.001 -10"><span class='ocrx_word' id='word_1_51' title='bbox 178 743 281 782; x_wconf 82' lang='lat' dir='ltr'>Pyrgi,</span> <span class='ocrx_word' id='word_1_52' title='bbox 298 743 439 779; x_wconf 89' lang='lat' dir='ltr'>colonia,</span> <span class='ocrx_word' id='word_1_53' title='bbox 457 743 510 781; x_wconf 86' lang='lat'>36,</span> <span class='ocrx_word' id='word_1_54' title='bbox 528 753 556 781; x_wconf 84' lang='lat'>3.</span> <span class='ocrx_word' id='word_1_55' title='bbox 583 743 610 772; x_wconf 89' lang='lat' dir='ltr'>ei</span> <span class='ocrx_word' id='word_1_56' title='bbox 628 750 744 782; x_wconf 88' lang='lat' dir='ltr'>negata</span> <span class='ocrx_word' id='word_1_57' title='bbox 759 742 884 772; x_wconf 83' lang='lat' dir='ltr'>vacatio</span> <span class='ocrx_word' id='word_1_58' title='bbox 900 742 942 772; x_wconf 86' lang='lat' dir='ltr'>rei</span> <span class='ocrx_word' id='word_1_59' title='bbox 957 741 1091 779; x_wconf 87' lang='lat' dir='ltr'>navalis,</span> <span class='ocrx_word' id='word_1_60' title='bbox 1108 741 1180 773; x_wconf 87' lang='lat' dir='ltr'><em>ibid.</em></span> 
     </span>
    </p>

    <p class='ocr_par' dir='ltr' id='par_1_13' title="bbox 179 786 943 825">
     <span class='ocr_line' id='line_1_14' title="bbox 179 786 943 825; baseline -0.001 -10"><span class='ocrx_word' id='word_1_61' title='bbox 179 786 367 825; x_wconf 86' lang='lat' dir='ltr'>Pyrrheum,</span> <span class='ocrx_word' id='word_1_62' title='bbox 384 786 474 816; x_wconf 91' lang='lat' dir='ltr'>locus</span> <span class='ocrx_word' id='word_1_63' title='bbox 490 787 523 815; x_wconf 89' lang='lat' dir='ltr'>in</span> <span class='ocrx_word' id='word_1_64' title='bbox 541 786 617 816; x_wconf 89' lang='lat' dir='ltr'>urbe</span> <span class='ocrx_word' id='word_1_65' title='bbox 632 786 820 822; x_wconf 81' lang='lat' dir='ltr'>Ambracia,</span> <span class='ocrx_word' id='word_1_66' title='bbox 839 786 893 823; x_wconf 86' lang='lat'>38,</span> <span class='ocrx_word' id='word_1_67' title='bbox 912 792 943 825; x_wconf 81' lang='lat'>5.</span> 
     </span>
    </p>
   </div>
   <div class='ocr_carea' id='block_1_3' title="bbox 114 827 1326 870">
    <p class='ocr_par' dir='ltr' id='par_1_14' title="bbox 114 827 1326 870">
     <span class='ocr_line' id='line_1_15' title="bbox 114 827 1326 870; baseline -0.001 -11"><span class='ocrx_word' id='word_1_68' title='bbox 114 831 120 835; x_wconf 85' lang='grc'><em>’</em></span> <span class='ocrx_word' id='word_1_69' title='bbox 179 830 338 870; x_wconf 87' lang='lat' dir='ltr'>Pyrrhias,</span> <span class='ocrx_word' id='word_1_70' title='bbox 356 830 421 859; x_wconf 87' lang='lat' dir='ltr'>dux</span> <span class='ocrx_word' id='word_1_71' title='bbox 438 837 468 859; x_wconf 85' lang='lat' dir='ltr'>et</span> <span class='ocrx_word' id='word_1_72' title='bbox 485 836 600 869; x_wconf 80' lang='lat' dir='ltr'>praetor</span> <span class='ocrx_word' id='word_1_73' title='bbox 615 827 815 866; x_wconf 83' lang='lat' dir='ltr'>AEtolorum‚</span> <span class='ocrx_word' id='word_1_74' title='bbox 832 829 971 859; x_wconf 81' lang='lat' dir='ltr'>vincitur</span> <span class='ocrx_word' id='word_1_75' title='bbox 986 837 1004 857; x_wconf 90' lang='lat' dir='ltr'>a</span> <span class='ocrx_word' id='word_1_76' title='bbox 1019 827 1182 868; x_wconf 83' lang='lat' dir='ltr'>Philippo,</span> <span class='ocrx_word' id='word_1_77' title='bbox 1201 834 1255 865; x_wconf 88' lang='lat'>27,</span> <span class='ocrx_word' id='word_1_78' title='bbox 1275 838 1326 867; x_wconf 84' lang='lat'>30.</span> 
     </span>
    </p>
   </div>
   <div class='ocr_carea' id='block_1_4' title="bbox 0 1191 7 1717">
    <p class='ocr_par' dir='ltr' id='par_1_15' title="bbox 0 1191 7 1717">
     <span class='ocr_line' id='line_1_16' title="bbox 0 1191 7 1717; baseline 0 0"><span class='ocrx_word' id='word_1_79' title='bbox 0 1191 7 1717; x_wconf 95' lang='lat' dir='ltr'> </span> 
     </span>
    </p>
   </div>
   <div class='ocr_carea' id='block_1_5' title="bbox 141 871 1382 1604">
    <p class='ocr_par' dir='ltr' id='par_1_16' title="bbox 141 871 1382 1604">
     <span class='ocr_line' id='line_1_17' title="bbox 179 871 1378 913; baseline 0 -11"><span class='ocrx_word' id='word_1_80' title='bbox 179 873 316 913; x_wconf 88' lang='lat' dir='ltr'>Pyrrhus</span> <span class='ocrx_word' id='word_1_81' title='bbox 343 873 529 903; x_wconf 83' lang='lat' dir='ltr'>thesaurum</span> <span class='ocrx_word' id='word_1_82' title='bbox 557 871 750 911; x_wconf 77' lang='lat' dir='ltr'>Proserpinae</span> <span class='ocrx_word' id='word_1_83' title='bbox 777 881 925 909; x_wconf 83' lang='lat' dir='ltr'>omnem,</span> <span class='ocrx_word' id='word_1_84' title='bbox 951 871 1118 910; x_wconf 86' lang='lat' dir='ltr'>diligenter</span> <span class='ocrx_word' id='word_1_85' title='bbox 1145 872 1378 911; x_wconf 84' lang='lat' dir='ltr'>conquisitum,</span> 
     </span>
     <span class='ocr_line' id='line_1_18' title="bbox 224 914 899 956; baseline 0.001 -12"><span class='ocrx_word' id='word_1_86' title='bbox 224 916 325 945; x_wconf 84' lang='lat' dir='ltr'>referri</span> <span class='ocrx_word' id='word_1_87' title='bbox 338 916 378 946; x_wconf 89' lang='lat' dir='ltr'>ad</span> <span class='ocrx_word' id='word_1_88' title='bbox 394 917 538 956; x_wconf 84' lang='lat' dir='ltr'>pristinas</span> <span class='ocrx_word' id='word_1_89' title='bbox 552 915 636 945; x_wconf 89' lang='lat' dir='ltr'>sedes</span> <span class='ocrx_word' id='word_1_90' title='bbox 648 914 755 952; x_wconf 84' lang='lat' dir='ltr'>jubet,</span> <span class='ocrx_word' id='word_1_91' title='bbox 773 925 826 956; x_wconf 84' lang='lat'>29,</span> <span class='ocrx_word' id='word_1_92' title='bbox 849 916 899 945; x_wconf 83' lang='lat'>18.</span> 
     </span>
     <span class='ocr_line' id='line_1_19' title="bbox 180 959 727 999; baseline 0 -11"><span class='ocrx_word' id='word_1_93' title='bbox 180 959 288 999; x_wconf 87' lang='lat' dir='ltr'>Pyrrhi</span> <span class='ocrx_word' id='word_1_94' title='bbox 313 960 396 998; x_wconf 88' lang='lat' dir='ltr'>regia</span> <span class='ocrx_word' id='word_1_95' title='bbox 411 959 607 996; x_wconf 83' lang='lat' dir='ltr'>Ambraciae,</span> <span class='ocrx_word' id='word_1_96' title='bbox 625 959 680 997; x_wconf 85' lang='lat'>38,</span> <span class='ocrx_word' id='word_1_97' title='bbox 697 970 727 998; x_wconf 92' lang='lat'>9.</span> 
     </span>
     <span class='ocr_line' id='line_1_20' title="bbox 181 1002 684 1042; baseline 0.002 -11"><span class='ocrx_word' id='word_1_98' title='bbox 181 1002 288 1042; x_wconf 79' lang='lat' dir='ltr'>Pyrrhi</span> <span class='ocrx_word' id='word_1_99' title='bbox 306 1004 420 1038; x_wconf 85' lang='lat' dir='ltr'>castra,</span> <span class='ocrx_word' id='word_1_100' title='bbox 438 1002 541 1038; x_wconf 87' lang='lat' dir='ltr'>locus,</span> <span class='ocrx_word' id='word_1_101' title='bbox 561 1011 614 1041; x_wconf 87' lang='lat'>35,</span> <span class='ocrx_word' id='word_1_102' title='bbox 633 1009 684 1038; x_wconf 90' lang='lat'>27.</span> 
     </span>
     <span class='ocr_line' id='line_1_21' title="bbox 181 1043 1063 1085; baseline -0.001 -10"><span class='ocrx_word' id='word_1_103' title='bbox 181 1046 376 1085; x_wconf 78' lang='lat' dir='ltr'>Pythagoras</span> <span class='ocrx_word' id='word_1_104' title='bbox 392 1046 519 1076; x_wconf 86' lang='lat' dir='ltr'>Samius</span> <span class='ocrx_word' id='word_1_105' title='bbox 535 1045 627 1075; x_wconf 86' lang='lat' dir='ltr'>serior</span> <span class='ocrx_word' id='word_1_106' title='bbox 642 1045 755 1074; x_wconf 68' lang='lat' dir='ltr'>Numa</span> <span class='ocrx_word' id='word_1_107' title='bbox 769 1043 943 1083; x_wconf 79' lang='lat' dir='ltr'>Pompilio,</span> <span class='ocrx_word' id='word_1_108' title='bbox 963 1053 993 1081; x_wconf 88' lang='lat'>1,</span> <span class='ocrx_word' id='word_1_109' title='bbox 1013 1045 1063 1074; x_wconf 79' lang='lat'>18.</span> 
     </span>
     <span class='ocr_line' id='line_1_22' title="bbox 141 1086 1382 1129; baseline 0 -11"><span class='ocrx_word' id='word_1_110' title='bbox 141 1102 153 1108; x_wconf 28' lang='grc' dir='ltr'>’κ</span> <span class='ocrx_word' id='word_1_111' title='bbox 181 1088 381 1129; x_wconf 70' lang='lat' dir='ltr'>Pythagorici</span> <span class='ocrx_word' id='word_1_112' title='bbox 399 1089 482 1126; x_wconf 81' lang='lat' dir='ltr'>libri,</span> <span class='ocrx_word' id='word_1_113' title='bbox 499 1088 627 1119; x_wconf 61' lang='lat' dir='ltr'>aufflore</span> <span class='ocrx_word' id='word_1_114' title='bbox 643 1088 769 1117; x_wconf 88' lang='lat' dir='ltr'>Valerio</span> <span class='ocrx_word' id='word_1_115' title='bbox 784 1088 930 1124; x_wconf 82' lang='lat' dir='ltr'>Antiate,</span> <span class='ocrx_word' id='word_1_116' title='bbox 948 1088 982 1117; x_wconf 84' lang='lat' dir='ltr'>in</span> <span class='ocrx_word' id='word_1_117' title='bbox 1004 1087 1127 1117; x_wconf 84' lang='lat' dir='ltr'>Numae</span> <span class='ocrx_word' id='word_1_118' title='bbox 1147 1086 1316 1126; x_wconf 87' lang='lat' dir='ltr'>sepulchro</span> <span class='ocrx_word' id='word_1_119' title='bbox 1332 1088 1382 1118; x_wconf 86' lang='lat' dir='ltr'>in-</span> 
     </span>
     <span class='ocr_line' id='line_1_23' title="bbox 225 1141 468 1161; baseline 0 0"><span class='ocrx_word' id='word_1_120' title='bbox 225 1141 310 1161; x_wconf 82' lang='lat' dir='ltr'>venti</span> <span class='ocrx_word' id='word_1_121' title='bbox 364 1141 384 1161; x_wconf 93' lang='lat'><em>0</em></span> <span class='ocrx_word' id='word_1_122' title='bbox 417 1142 433 1161; x_wconf 93' lang='lat'>2</span> <span class='ocrx_word' id='word_1_123' title='bbox 460 1153 468 1161; x_wconf 94' lang='lat'>.</span> 
     </span>
     <span class='ocr_line' id='line_1_24' title="bbox 181 1142 1382 1216; baseline -0.002 -11"><span class='ocrx_word' id='word_1_124' title='bbox 181 1142 499 1216; x_wconf 53' lang='lat' dir='ltr'>Pythaggrgssge9ne1</span> <span class='ocrx_word' id='word_1_125' title='bbox 516 1174 663 1210; x_wconf 77' lang='lat' dir='ltr'>Nabidis,</span> <span class='ocrx_word' id='word_1_126' title='bbox 681 1179 716 1203; x_wconf 91' lang='lat' dir='ltr'>ut</span> <span class='ocrx_word' id='word_1_127' title='bbox 731 1174 840 1204; x_wconf 85' lang='lat' dir='ltr'>uxoris</span> <span class='ocrx_word' id='word_1_128' title='bbox 855 1172 923 1211; x_wconf 84' lang='lat' dir='ltr'>ejus</span> <span class='ocrx_word' id='word_1_129' title='bbox 939 1174 1040 1206; x_wconf 81' lang='lat' dir='ltr'>frater,</span> <span class='ocrx_word' id='word_1_130' title='bbox 1058 1174 1101 1202; x_wconf 79' lang='lat' dir='ltr'>est</span> <span class='ocrx_word' id='word_1_131' title='bbox 1119 1172 1285 1212; x_wconf 67' lang='lat' dir='ltr'>praefeElus</span> <span class='ocrx_word' id='word_1_132' title='bbox 1302 1183 1382 1213; x_wconf 83' lang='lat' dir='ltr'>prae-</span> 
     </span>
     <span class='ocr_line' id='line_1_25' title="bbox 160 1216 1381 1257; baseline -0.002 -9"><span class='ocrx_word' id='word_1_133' title='bbox 160 1251 165 1255; x_wconf 50' lang='grc'><strong>,</strong></span> <span class='ocrx_word' id='word_1_134' title='bbox 226 1219 290 1248; x_wconf 79' lang='lat' dir='ltr'>lidii</span> <span class='ocrx_word' id='word_1_135' title='bbox 309 1218 476 1248; x_wconf 86' lang='lat' dir='ltr'>Laconum</span> <span class='ocrx_word' id='word_1_136' title='bbox 497 1218 602 1256; x_wconf 78' lang='lat' dir='ltr'>Argis,</span> <span class='ocrx_word' id='word_1_137' title='bbox 621 1227 674 1257; x_wconf 87' lang='lat'>34,</span> <span class='ocrx_word' id='word_1_138' title='bbox 694 1227 744 1257; x_wconf 79' lang='lat'>25.</span> <span class='ocrx_word' id='word_1_139' title='bbox 770 1226 847 1247; x_wconf 89' lang='lat' dir='ltr'>cum</span> <span class='ocrx_word' id='word_1_140' title='bbox 873 1216 963 1246; x_wconf 81' lang='lat' dir='ltr'>mille</span> <span class='ocrx_word' id='word_1_141' title='bbox 989 1217 1192 1246; x_wconf 78' lang='lat' dir='ltr'>mercenariis</span> <span class='ocrx_word' id='word_1_142' title='bbox 1206 1223 1238 1246; x_wconf 83' lang='lat' dir='ltr'>et</span> <span class='ocrx_word' id='word_1_143' title='bbox 1254 1217 1381 1247; x_wconf 85' lang='lat' dir='ltr'>duobus</span> 
     </span>
     <span class='ocr_line' id='line_1_26' title="bbox 225 1259 1382 1300; baseline 0 -10"><span class='ocrx_word' id='word_1_144' title='bbox 225 1261 369 1291; x_wconf 85' lang='lat' dir='ltr'>millibus</span> <span class='ocrx_word' id='word_1_145' title='bbox 384 1262 578 1300; x_wconf 78' lang='lat' dir='ltr'>Argivorum</span> <span class='ocrx_word' id='word_1_146' title='bbox 596 1261 864 1290; x_wconf 76' lang='lat' dir='ltr'>Lacedaemonem</span> <span class='ocrx_word' id='word_1_147' title='bbox 881 1260 922 1290; x_wconf 91' lang='lat' dir='ltr'>ad</span> <span class='ocrx_word' id='word_1_148' title='bbox 937 1259 1099 1290; x_wconf 86' lang='lat' dir='ltr'>Nabidem</span> <span class='ocrx_word' id='word_1_149' title='bbox 1117 1261 1217 1296; x_wconf 87' lang='lat' dir='ltr'>venit,</span> <span class='ocrx_word' id='word_1_150' title='bbox 1236 1269 1287 1298; x_wconf 88' lang='lat'>29.</span> <span class='ocrx_word' id='word_1_151' title='bbox 1305 1261 1382 1290; x_wconf 88' lang='lat' dir='ltr'>mit-</span> 
     </span>
     <span class='ocr_line' id='line_1_27' title="bbox 227 1304 1251 1343; baseline -0.001 -9"><span class='ocrx_word' id='word_1_152' title='bbox 227 1306 303 1334; x_wconf 77' lang='lat' dir='ltr'>titur</span> <span class='ocrx_word' id='word_1_153' title='bbox 320 1305 351 1334; x_wconf 87' lang='lat' dir='ltr'>in</span> <span class='ocrx_word' id='word_1_154' title='bbox 369 1306 467 1334; x_wconf 80' lang='lat' dir='ltr'>eastra</span> <span class='ocrx_word' id='word_1_155' title='bbox 489 1304 638 1334; x_wconf 82' lang='lat' dir='ltr'>Romana</span> <span class='ocrx_word' id='word_1_156' title='bbox 653 1305 693 1333; x_wconf 88' lang='lat' dir='ltr'>ad</span> <span class='ocrx_word' id='word_1_157' title='bbox 707 1304 748 1333; x_wconf 89' lang='lat' dir='ltr'>T.</span> <span class='ocrx_word' id='word_1_158' title='bbox 767 1304 955 1340; x_wconf 69' lang='lat' dir='ltr'>Quintium,</span> <span class='ocrx_word' id='word_1_159' title='bbox 973 1312 1025 1342; x_wconf 84' lang='lat'>30.</span> <span class='ocrx_word' id='word_1_160' title='bbox 1048 1304 1179 1341; x_wconf 82' lang='lat' dir='ltr'>iterum,</span> <span class='ocrx_word' id='word_1_161' title='bbox 1196 1312 1251 1343; x_wconf 88' lang='lat'>40.</span> 
     </span>
     <span class='ocr_line' id='line_1_28' title="bbox 184 1348 1003 1388; baseline -0.001 -11"><span class='ocrx_word' id='word_1_162' title='bbox 184 1348 357 1386; x_wconf 74' lang='lat' dir='ltr'>Pythcurn,</span> <span class='ocrx_word' id='word_1_163' title='bbox 376 1348 545 1387; x_wconf 84' lang='lat' dir='ltr'>oppidum,</span> <span class='ocrx_word' id='word_1_164' title='bbox 562 1357 618 1386; x_wconf 88' lang='lat'>42,</span> <span class='ocrx_word' id='word_1_165' title='bbox 639 1357 689 1388; x_wconf 82' lang='lat'>53.</span> <span class='ocrx_word' id='word_1_166' title='bbox 712 1356 767 1386; x_wconf 87' lang='lat'>44,</span> <span class='ocrx_word' id='word_1_167' title='bbox 786 1357 816 1378; x_wconf 91' lang='lat'>2.</span> <span class='ocrx_word' id='word_1_168' title='bbox 835 1356 887 1386; x_wconf 86' lang='lat'>32.</span> <span class='ocrx_word' id='word_1_169' title='bbox 902 1354 933 1376; x_wconf 90' lang='lat' dir='ltr'>et</span> <span class='ocrx_word' id='word_1_170' title='bbox 951 1355 1003 1387; x_wconf 80' lang='lat'>35.</span> 
     </span>
     <span class='ocr_line' id='line_1_29' title="bbox 182 1390 597 1430; baseline -0.005 -10"><span class='ocrx_word' id='word_1_171' title='bbox 182 1390 336 1430; x_wconf 81' lang='lat' dir='ltr'>Pythicus</span> <span class='ocrx_word' id='word_1_172' title='bbox 352 1391 482 1430; x_wconf 81' lang='lat' dir='ltr'>Apollo,</span> <span class='ocrx_word' id='word_1_173' title='bbox 501 1399 532 1430; x_wconf 78' lang='lat'>5,</span> <span class='ocrx_word' id='word_1_174' title='bbox 547 1399 597 1420; x_wconf 88' lang='lat'>21.</span> 
     </span>
     <span class='ocr_line' id='line_1_30' title="bbox 186 1433 755 1473; baseline -0.004 -9"><span class='ocrx_word' id='word_1_175' title='bbox 186 1433 318 1473; x_wconf 74' lang='lat' dir='ltr'>Pythius</span> <span class='ocrx_word' id='word_1_176' title='bbox 334 1433 463 1473; x_wconf 84' lang='lat' dir='ltr'>Apollo,</span> <span class='ocrx_word' id='word_1_177' title='bbox 484 1442 536 1471; x_wconf 83' lang='lat'>23,</span> <span class='ocrx_word' id='word_1_178' title='bbox 558 1442 605 1463; x_wconf 88' lang='lat'>11.</span> <span class='ocrx_word' id='word_1_179' title='bbox 632 1442 685 1471; x_wconf 88' lang='lat'>29,</span> <span class='ocrx_word' id='word_1_180' title='bbox 708 1442 755 1464; x_wconf 84' lang='grc' dir='ltr'>ιο.</span> 
     </span>
     <span class='ocr_line' id='line_1_31' title="bbox 185 1476 677 1517; baseline -0.002 -11"><span class='ocrx_word' id='word_1_181' title='bbox 185 1476 358 1517; x_wconf 77' lang='lat' dir='ltr'>Pythicum</span> <span class='ocrx_word' id='word_1_182' title='bbox 372 1476 556 1512; x_wconf 82' lang='lat' dir='ltr'>oraculum,</span> <span class='ocrx_word' id='word_1_183' title='bbox 575 1486 607 1517; x_wconf 79' lang='lat'>5,</span> <span class='ocrx_word' id='word_1_184' title='bbox 629 1486 677 1515; x_wconf 82' lang='lat'>15-</span> 
     </span>
     <span class='ocr_line' id='line_1_32' title="bbox 184 1520 696 1560; baseline -0.002 -10"><span class='ocrx_word' id='word_1_185' title='bbox 184 1520 325 1560; x_wconf 80' lang='lat' dir='ltr'>Pythicae</span> <span class='ocrx_word' id='word_1_186' title='bbox 343 1521 450 1556; x_wconf 82' lang='lat' dir='ltr'>sortes,</span> <span class='ocrx_word' id='word_1_187' title='bbox 471 1530 498 1556; x_wconf 86' lang='lat'>1,</span> <span class='ocrx_word' id='word_1_188' title='bbox 518 1520 569 1559; x_wconf 86' lang='lat'>56.</span> <span class='ocrx_word' id='word_1_189' title='bbox 595 1528 626 1560; x_wconf 79' lang='lat'>5,</span> <span class='ocrx_word' id='word_1_190' title='bbox 645 1529 696 1558; x_wconf 90' lang='lat'>23.</span> 
     </span>
     <span class='ocr_line' id='line_1_33' title="bbox 183 1561 1314 1604; baseline -0.001 -11"><span class='ocrx_word' id='word_1_191' title='bbox 183 1563 298 1604; x_wconf 82' lang='lat' dir='ltr'>Pytho,</span> <span class='ocrx_word' id='word_1_192' title='bbox 318 1564 468 1602; x_wconf 85' lang='lat' dir='ltr'>Macedo,</span> <span class='ocrx_word' id='word_1_193' title='bbox 485 1573 541 1603; x_wconf 81' lang='lat'>44,</span> <span class='ocrx_word' id='word_1_194' title='bbox 560 1564 608 1593; x_wconf 78' lang='lat'>16.</span> <span class='ocrx_word' id='word_1_195' title='bbox 633 1561 799 1602; x_wconf 62' lang='lat' dir='ltr'>praeFeRus</span> <span class='ocrx_word' id='word_1_196' title='bbox 816 1561 948 1601; x_wconf 74' lang='lat' dir='ltr'>praesidii</span> <span class='ocrx_word' id='word_1_197' title='bbox 965 1561 1174 1600; x_wconf 69' lang='lat' dir='ltr'>cassandreae,</span> <span class='ocrx_word' id='word_1_198' title='bbox 1188 1571 1244 1602; x_wconf 81' lang='lat'>44,</span> <span class='ocrx_word' id='word_1_199' title='bbox 1265 1570 1314 1592; x_wconf 82' lang='lat'>12.</span> 
     </span>
    </p>
   </div>
   <div class='ocr_carea' id='block_1_6' title="bbox 759 1753 869 1795">
    <p class='ocr_par' dir='ltr' id='par_1_17' title="bbox 759 1753 869 1795">
     <span class='ocr_line' id='line_1_34' title="bbox 759 1753 869 1795; baseline -0.009 0"><span class='ocrx_word' id='word_1_200' title='bbox 759 1753 869 1795; x_wconf 74' lang='lat' dir='ltr'>Q.&#39;</span> 
     </span>
    </p>
   </div>
   <div class='ocr_carea' id='block_1_7' title="bbox 187 1848 1379 2467">
    <p class='ocr_par' dir='ltr' id='par_1_18' title="bbox 187 1848 1377 1948">
     <span class='ocr_line' id='line_1_35' title="bbox 187 1848 1377 1905; baseline 0.002 -10"><span class='ocrx_word' id='word_1_201' title='bbox 187 1848 506 1896; x_wconf 78' lang='lat' dir='ltr'><strong>QUADRANTES</strong></span> <span class='ocrx_word' id='word_1_202' title='bbox 524 1867 555 1896; x_wconf 88' lang='lat' dir='ltr'>in</span> <span class='ocrx_word' id='word_1_203' title='bbox 575 1865 605 1895; x_wconf 88' lang='lat' dir='ltr'>P.</span> <span class='ocrx_word' id='word_1_204' title='bbox 623 1864 752 1902; x_wconf 88' lang='lat' dir='ltr'>Valerii,</span> <span class='ocrx_word' id='word_1_205' title='bbox 769 1865 921 1902; x_wconf 71' lang='lat' dir='ltr'>consulis,</span> <span class='ocrx_word' id='word_1_206' title='bbox 939 1865 1033 1896; x_wconf 83' lang='lat' dir='ltr'>occisi</span> <span class='ocrx_word' id='word_1_207' title='bbox 1051 1865 1083 1895; x_wconf 90' lang='lat' dir='ltr'>in</span> <span class='ocrx_word' id='word_1_208' title='bbox 1101 1864 1227 1905; x_wconf 82' lang='lat' dir='ltr'>proelio,</span> <span class='ocrx_word' id='word_1_209' title='bbox 1243 1866 1377 1897; x_wconf 88' lang='lat' dir='ltr'>domum</span> 
     </span>
     <span class='ocr_line' id='line_1_36' title="bbox 231 1908 1147 1948; baseline 0 -10"><span class='ocrx_word' id='word_1_210' title='bbox 231 1919 249 1938; x_wconf 84' lang='lat' dir='ltr'>a</span> <span class='ocrx_word' id='word_1_211' title='bbox 266 1908 489 1948; x_wconf 70' lang='lat' dir='ltr'>plebejaftati,</span> <span class='ocrx_word' id='word_1_212' title='bbox 507 1916 541 1938; x_wconf 91' lang='lat' dir='ltr'>ut</span> <span class='ocrx_word' id='word_1_213' title='bbox 558 1909 667 1938; x_wconf 83' lang='lat' dir='ltr'>funere</span> <span class='ocrx_word' id='word_1_214' title='bbox 680 1908 836 1948; x_wconf 86' lang='lat' dir='ltr'>ampliore</span> <span class='ocrx_word' id='word_1_215' title='bbox 852 1909 1026 1946; x_wconf 77' lang='lat' dir='ltr'>efferretur,</span> <span class='ocrx_word' id='word_1_216' title='bbox 1045 1918 1076 1947; x_wconf 84' lang='lat'>3,</span> <span class='ocrx_word' id='word_1_217' title='bbox 1099 1910 1147 1941; x_wconf 86' lang='lat'>18.</span> 
     </span>
    </p>

    <p class='ocr_par' dir='ltr' id='par_1_19' title="bbox 191 1950 645 1991">
     <span class='ocr_line' id='line_1_37' title="bbox 191 1950 645 1991; baseline 0.005 -10"><span class='ocrx_word' id='word_1_218' title='bbox 191 1950 362 1991; x_wconf 74' lang='lat' dir='ltr'>Quadrigae</span> <span class='ocrx_word' id='word_1_219' title='bbox 380 1953 412 1982; x_wconf 84' lang='lat' dir='ltr'>iu</span> <span class='ocrx_word' id='word_1_220' title='bbox 430 1952 524 1989; x_wconf 86' lang='lat' dir='ltr'>ludis,</span> <span class='ocrx_word' id='word_1_221' title='bbox 543 1954 574 1988; x_wconf 93' lang='lat'>8,</span> <span class='ocrx_word' id='word_1_222' title='bbox 592 1962 645 1990; x_wconf 85' lang='lat'>40.</span> 
     </span>
    </p>

    <p class='ocr_par' dir='ltr' id='par_1_20' title="bbox 192 1994 925 2035">
     <span class='ocr_line' id='line_1_38' title="bbox 192 1994 925 2035; baseline 0 -11"><span class='ocrx_word' id='word_1_223' title='bbox 192 1995 363 2035; x_wconf 72' lang='lat' dir='ltr'>Guadrigae</span> <span class='ocrx_word' id='word_1_224' title='bbox 379 1996 526 2026; x_wconf 82' lang='lat' dir='ltr'>falcatae</span> <span class='ocrx_word' id='word_1_225' title='bbox 522 2005 553 2025; x_wconf 87' lang='lat' dir='ltr'>ln</span> <span class='ocrx_word' id='word_1_226' title='bbox 571 1994 667 2031; x_wconf 86' lang='lat' dir='ltr'>bello,</span> <span class='ocrx_word' id='word_1_227' title='bbox 689 2002 741 2033; x_wconf 86' lang='lat'>37,</span> <span class='ocrx_word' id='word_1_228' title='bbox 758 2004 811 2033; x_wconf 84' lang='lat'>40.</span> <span class='ocrx_word' id='word_1_229' title='bbox 825 2000 856 2024; x_wconf 88' lang='lat' dir='ltr'>et</span> <span class='ocrx_word' id='word_1_230' title='bbox 871 2004 925 2033; x_wconf 75' lang='lat'>4¹·</span> 
     </span>
    </p>

    <p class='ocr_par' dir='ltr' id='par_1_21' title="bbox 191 2038 1368 2122">
     <span class='ocr_line' id='line_1_39' title="bbox 191 2038 1368 2086; baseline 0.003 -19"><span class='ocrx_word' id='word_1_231' title='bbox 191 2038 362 2078; x_wconf 71' lang='lat' dir='ltr'>Quadrigae</span> <span class='ocrx_word' id='word_1_232' title='bbox 378 2048 483 2069; x_wconf 86' lang='lat' dir='ltr'>aureae</span> <span class='ocrx_word' id='word_1_233' title='bbox 500 2039 531 2068; x_wconf 89' lang='lat' dir='ltr'>in</span> <span class='ocrx_word' id='word_1_234' title='bbox 549 2038 709 2086; x_wconf 84' lang='lat' dir='ltr'>Capitolio</span> <span class='ocrx_word' id='word_1_235' title='bbox 725 2038 832 2077; x_wconf 82' lang='lat' dir='ltr'>pofitae</span> <span class='ocrx_word' id='word_1_236' title='bbox 849 2038 888 2067; x_wconf 82' lang='lat' dir='ltr'>ab</span> <span class='ocrx_word' id='word_1_237' title='bbox 905 2038 1050 2068; x_wconf 86' lang='lat' dir='ltr'>aedilibus</span> <span class='ocrx_word' id='word_1_238' title='bbox 1066 2038 1244 2076; x_wconf 87' lang='lat' dir='ltr'>curulibus,</span> <span class='ocrx_word' id='word_1_239' title='bbox 1264 2048 1316 2078; x_wconf 89' lang='lat'>29,</span> <span class='ocrx_word' id='word_1_240' title='bbox 1330 2039 1368 2078; x_wconf 86' lang='lat'>38</span> 
     </span>
     <span class='ocr_line' id='line_1_40' title="bbox 234 2081 1166 2122; baseline 0.001 -11"><span class='ocrx_word' id='word_1_241' title='bbox 234 2083 266 2111; x_wconf 89' lang='lat' dir='ltr'>in</span> <span class='ocrx_word' id='word_1_242' title='bbox 283 2082 364 2112; x_wconf 82' lang='lat' dir='ltr'>cella</span> <span class='ocrx_word' id='word_1_243' title='bbox 377 2083 479 2119; x_wconf 86' lang='lat' dir='ltr'>Jovis,</span> <span class='ocrx_word' id='word_1_244' title='bbox 497 2091 550 2122; x_wconf 88' lang='lat'>35,</span> <span class='ocrx_word' id='word_1_245' title='bbox 568 2091 621 2120; x_wconf 82' lang='lat'>41.</span> <span class='ocrx_word' id='word_1_246' title='bbox 647 2082 678 2111; x_wconf 88' lang='lat' dir='ltr'>in</span> <span class='ocrx_word' id='word_1_247' title='bbox 696 2082 841 2111; x_wconf 78' lang='lat' dir='ltr'>culmine</span> <span class='ocrx_word' id='word_1_248' title='bbox 863 2081 1096 2120; x_wconf 79' lang='lat' dir='ltr'>Capitolii,10,</span> <span class='ocrx_word' id='word_1_249' title='bbox 1112 2091 1166 2120; x_wconf 81' lang='lat'>23.</span> 
     </span>
    </p>

    <p class='ocr_par' dir='ltr' id='par_1_22' title="bbox 192 2124 1268 2164">
     <span class='ocr_line' id='line_1_41' title="bbox 192 2124 1268 2164; baseline -0.001 -10"><span class='ocrx_word' id='word_1_250' title='bbox 192 2124 362 2164; x_wconf 77' lang='lat' dir='ltr'>Quadrigis</span> <span class='ocrx_word' id='word_1_251' title='bbox 379 2126 490 2155; x_wconf 87' lang='lat' dir='ltr'>urbem</span> <span class='ocrx_word' id='word_1_252' title='bbox 508 2126 586 2155; x_wconf 77' lang='lat' dir='ltr'>inire</span> <span class='ocrx_word' id='word_1_253' title='bbox 599 2124 730 2162; x_wconf 73' lang='lat' dir='ltr'>jubetur</span> <span class='ocrx_word' id='word_1_254' title='bbox 743 2125 948 2164; x_wconf 73' lang='lat' dir='ltr'>triumphans</span> <span class='ocrx_word' id='word_1_255' title='bbox 966 2125 1011 2154; x_wconf 88' lang='lat' dir='ltr'>M</span> <span class='ocrx_word' id='word_1_256' title='bbox 1031 2125 1150 2161; x_wconf 76' lang='lat' dir='ltr'>Livius,</span> <span class='ocrx_word' id='word_1_257' title='bbox 1170 2126 1221 2160; x_wconf 88' lang='grc'>28,</span> <span class='ocrx_word' id='word_1_258' title='bbox 1238 2134 1268 2164; x_wconf 88' lang='grc'>9.</span> 
     </span>
    </p>

    <p class='ocr_par' dir='ltr' id='par_1_23' title="bbox 193 2168 1379 2250">
     <span class='ocr_line' id='line_1_42' title="bbox 193 2168 1379 2207; baseline 0.001 -9"><span class='ocrx_word' id='word_1_259' title='bbox 193 2168 362 2207; x_wconf 74' lang='lat' dir='ltr'>Ouadrigis</span> <span class='ocrx_word' id='word_1_260' title='bbox 377 2169 515 2205; x_wconf 83' lang='lat' dir='ltr'>duabus,</span> <span class='ocrx_word' id='word_1_261' title='bbox 533 2168 565 2197; x_wconf 86' lang='lat' dir='ltr'>in</span> <span class='ocrx_word' id='word_1_262' title='bbox 580 2168 738 2198; x_wconf 84' lang='lat' dir='ltr'>diversum</span> <span class='ocrx_word' id='word_1_263' title='bbox 763 2169 944 2205; x_wconf 59' lang='lat' dir='ltr'>concitam,</span> <span class='ocrx_word' id='word_1_264' title='bbox 960 2168 1144 2198; x_wconf 63' lang='lat' dir='ltr'>distraetum</span> <span class='ocrx_word' id='word_1_265' title='bbox 1162 2168 1266 2198; x_wconf 75' lang='lat' dir='ltr'>Meizii</span> <span class='ocrx_word' id='word_1_266' title='bbox 1285 2169 1379 2200; x_wconf 80' lang='lat' dir='ltr'>Fuffe-</span> 
     </span>
     <span class='ocr_line' id='line_1_43' title="bbox 235 2211 532 2250; baseline 0.003 -10"><span class='ocrx_word' id='word_1_267' title='bbox 235 2211 268 2240; x_wconf 80' lang='lat' dir='ltr'>tii</span> <span class='ocrx_word' id='word_1_268' title='bbox 285 2220 412 2250; x_wconf 83' lang='lat' dir='ltr'>corpus,</span> <span class='ocrx_word' id='word_1_269' title='bbox 435 2222 463 2248; x_wconf 88' lang='lat'>1,</span> <span class='ocrx_word' id='word_1_270' title='bbox 482 2213 532 2242; x_wconf 78' lang='lat'>28.</span> 
     </span>
    </p>

    <p class='ocr_par' dir='ltr' id='par_1_24' title="bbox 195 2253 683 2294">
     <span class='ocr_line' id='line_1_44' title="bbox 195 2253 683 2294; baseline 0.002 -11"><span class='ocrx_word' id='word_1_271' title='bbox 195 2253 381 2293; x_wconf 69' lang='lat' dir='ltr'>Quadrigari</span> <span class='ocrx_word' id='word_1_272' title='bbox 399 2255 541 2290; x_wconf 82' lang='lat' dir='ltr'>nummi,</span> <span class='ocrx_word' id='word_1_273' title='bbox 561 2264 612 2291; x_wconf 89' lang='lat'>22,</span> <span class='ocrx_word' id='word_1_274' title='bbox 632 2261 683 2294; x_wconf 86' lang='lat'>52.</span> 
     </span>
    </p>

    <p class='ocr_par' dir='ltr' id='par_1_25' title="bbox 195 2297 899 2336">
     <span class='ocr_line' id='line_1_45' title="bbox 195 2297 899 2336; baseline -0.001 -9"><span class='ocrx_word' id='word_1_275' title='bbox 195 2297 478 2336; x_wconf 71' lang='lat' dir='ltr'>Quadringenariae</span> <span class='ocrx_word' id='word_1_276' title='bbox 495 2298 654 2335; x_wconf 73' lang='lat' dir='ltr'>cohortes,</span> <span class='ocrx_word' id='word_1_277' title='bbox 674 2305 703 2333; x_wconf 95' lang='lat'>7,</span> <span class='ocrx_word' id='word_1_278' title='bbox 722 2304 752 2335; x_wconf 86' lang='lat'>7.</span> <span class='ocrx_word' id='word_1_279' title='bbox 781 2306 830 2334; x_wconf 87' lang='lat'>10,</span> <span class='ocrx_word' id='word_1_280' title='bbox 845 2306 899 2336; x_wconf 84' lang='lat'>40.</span> 
     </span>
    </p>

    <p class='ocr_par' dir='ltr' id='par_1_26' title="bbox 197 2340 718 2380">
     <span class='ocr_line' id='line_1_46' title="bbox 197 2340 718 2380; baseline 0 -10"><span class='ocrx_word' id='word_1_281' title='bbox 197 2340 428 2376; x_wconf 67' lang='lat' dir='ltr'>Ouaffliremis,</span> <span class='ocrx_word' id='word_1_282' title='bbox 446 2341 498 2376; x_wconf 90' lang='lat'>28,</span> <span class='ocrx_word' id='word_1_283' title='bbox 515 2347 569 2378; x_wconf 83' lang='lat'>45.</span> <span class='ocrx_word' id='word_1_284' title='bbox 595 2349 647 2378; x_wconf 89' lang='lat'>30,</span> <span class='ocrx_word' id='word_1_285' title='bbox 667 2348 718 2380; x_wconf 85' lang='lat'>25.</span> 
     </span>
    </p>

    <p class='ocr_par' dir='ltr' id='par_1_27' title="bbox 197 2383 870 2422">
     <span class='ocr_line' id='line_1_47' title="bbox 197 2383 870 2422; baseline 0.003 -10"><span class='ocrx_word' id='word_1_286' title='bbox 197 2383 462 2422; x_wconf 73' lang='lat' dir='ltr'>Quadruplatoris</span> <span class='ocrx_word' id='word_1_287' title='bbox 478 2392 598 2413; x_wconf 88' lang='lat' dir='ltr'>nomen</span> <span class='ocrx_word' id='word_1_288' title='bbox 614 2383 748 2420; x_wconf 83' lang='lat' dir='ltr'>infame,</span> <span class='ocrx_word' id='word_1_289' title='bbox 767 2392 798 2422; x_wconf 89' lang='lat'>3,</span> <span class='ocrx_word' id='word_1_290' title='bbox 819 2390 870 2419; x_wconf 79' lang='lat'>72.</span> 
     </span>
    </p>

    <p class='ocr_par' dir='ltr' id='par_1_28' title="bbox 198 2426 725 2467">
     <span class='ocr_line' id='line_1_48' title="bbox 198 2426 725 2467; baseline -0.002 -10"><span class='ocrx_word' id='word_1_291' title='bbox 198 2426 418 2457; x_wconf 73' lang='lat' dir='ltr'>Quaestionem</span> <span class='ocrx_word' id='word_1_292' title='bbox 436 2426 603 2466; x_wconf 76' lang='lat' dir='ltr'>postulare,</span> <span class='ocrx_word' id='word_1_293' title='bbox 622 2437 654 2467; x_wconf 82' lang='lat'>2,</span> <span class='ocrx_word' id='word_1_294' title='bbox 674 2435 725 2464; x_wconf 83' lang='lat'>29.</span> 
     </span>
    </p>
   </div>
  </div>
 </body>
</html>
