1572 2616
258 177 338 219 160
677 189 1019 220 ROMANORUM

298 311 358 342 Μ’.
389 311 560 342 ACILIUS
589 311 626 342 C.
656 312 690 342 F.
718 312 751 342 L.
778 312 822 343 N.
849 312 1049 344 GLABRIO.
1092 313 1258 345 Tribunus
1289 315 1401 355 plebis,

299 355 462 392 Cornelio,
491 355 579 386 AElio
610 364 691 386 coss.
738 356 844 385 Livius
871 355 951 385 libro
976 367 1054 386 xxx.
1100 357 1272 388 Decemvir
1302 359 1403 388 sacro·

296 408 382 428 rum.
429 398 537 428 Livius
561 398 642 428 libro
665 399 755 429 xxxi.
800 399 930 436 Praetor,
959 408 1046 429 anno
1071 406 1143 440 557.
1190 401 1296 431 Livius
1323 401 1402 431 {ibro

295 442 412 472 xxxiii.
446 440 564 471 Consul
580 451 657 471 cum
675 442 707 471 P.
722 441 882 476 Cornelio,
898 451 985 471 anno
1002 445 1075 481 562.
1105 443 1315 474 Caffiodorus.
1350 444 1403 473 Ci-

297 494 369 515 cero
397 485 429 514 in
458 485 589 514 Catone.
638 485 835 523 Quanquam
860 484 902 514 ibi
926 494 982 523 pro
1005 486 1062 516 M’.
1088 485 1206 523 Acilio,
1233 487 1280 516 M.
1303 486 1407 516 Atilio

296 528 448 558 mendose
475 528 630 566 scriptum
658 528 793 557 videtur.
840 527 948 557 Livius
974 527 1030 557 lib.
1054 538 1156 559 xxxv.
1199 530 1404 560 Antiochum

295 580 402 609 regem
429 570 617 609 AEtolosque
645 571 685 600 ad
709 570 943 609 Thermopylas
973 571 1063 608 vicit,
1091 571 1195 610 deque
1219 573 1256 602 iis
1280 581 1403 611 procos,

295 614 519 653 triumphavit.
564 614 672 643 L1vius
687 613 767 643 libro
783 614 895 643 xxxvi.
941 613 1059 643 AEdem
1079 615 1205 644 Pietatis
1228 615 1400 651 dedicavit,

296 657 482 696 primusque
511 663 656 687 auratam
685 657 821 687 statuam
850 657 929 694 patri
960 657 1072 696 posuit.
1129 657 1272 688 Valerius
1296 657 1351 688 lib.
1369 658 1403 689 ii.

296 709 369 740 cap.
391 709 417 730 1.
441 699 493 730 ubi
511 706 622 730 tamen
635 699 753 730 Atilius
766 709 822 740 pro
838 699 944 729 Acilio
957 709 1121 740 perperam
1135 699 1261 740 legitur.

292 786 356 816 Μ’.
375 786 546 816 ACILIUS
565 785 624 815 Μ’.
643 786 678 815 F.
693 785 730 816 C.
746 785 789 816 N.
806 785 1009 816 GLABRIO.
1033 784 1153 816 Consul
1170 795 1247 815 cum
1265 786 1306 816 Q.
1323 786 1403 825 opi.

293 830 376 865 mio,
400 839 487 859 anno
504 837 576 869 599.
623 828 722 858 Hunc
746 829 778 858 in
800 828 912 859 locum
928 829 963 859 L.
981 829 1132 859 Postumii
1154 829 1323 860 suffeemm
1344 830 1402 860 do-

296 880 373 904 cent
389 872 645 913 Capitolinarum
662 871 845 902 tabularum
860 872 1014 902 auC'tores.

295 1046 353 1077 Μ’.
377 1045 546 1076 ACILIUS
574 1045 608 1074 L.
633 1044 668 1074 F.
694 1044 734 1074 K.
758 1044 801 1074 N.
827 1042 989 1073 BALBUS
1018 1043 1220 1073 GLABRIO.
1277 1043 1397 1074 Consul

296 1099 375 1120 cum
399 1089 435 1120 L.
453 1088 618 1124 Θυὶηξῑὶο,
643 1097 729 1117 anno
754 1088 827 1125 603.
873 1086 1082 1116 Caffiodorus.
1128 1087 1248 1116 Plinius
1273 1086 1329 1118 lib.
1345 1088 1401 1119 vii.

297 1142 370 1172 cap.
388 1132 438 1171 36.
463 1132 574 1162 Cicero
591 1132 624 1160 in
641 1131 777 1168 Catone,
793 1136 824 1159 et
840 1130 878 1158 ad
895 1131 1042 1160 Atticum
1059 1130 1117 1160 xii.

841 1173 855 1202 1

297 1218 357 1248 Μ’.
384 1216 554 1247 ACILIUS
581 1216 639 1246 Μ’.
665 1217 698 1246 F.
724 1216 758 1246 L.
782 1215 825 1244 N.
851 1215 1014 1245 BALBUS
1039 1214 1240 1244 GLABRIO.
1284 1215 1403 1245 Consul

298 1271 375 1291 cum
391 1261 428 1290 C.
446 1260 570 1295 Porcio,
586 1269 672 1289 anno
687 1261 760 1297 639.
805 1259 1015 1288 Caffiodorus.
1058 1258 1179 1288 Plinius
1201 1258 1256 1288 lib.
1273 1258 1306 1287 ii.
1329 1268 1400 1297 cap.

298 1305 351 1344 56.
397 1304 514 1343 Legem
538 1304 575 1332 de
598 1303 742 1341 pecuniis
759 1302 940 1342 repetundis
957 1301 1041 1332 tulit.
1085 1301 1196 1331 Cicero
1214 1300 1247 1330 in
1264 1300 1401 1332 Verrinis

297 1347 490 1383 aftionibus,
507 1352 538 1376 et
553 1345 720 1376 Asconius.
844 1387 857 1416 I

298 1432 360 1463 Μ’.
376 1431 547 1462 ACILIUS
565 1431 624 1462 Μ’.
641 1431 677 1461 F.
696 1430 752 1460 Μ’.
769 1431 814 1460 N.
830 1429 1032 1460 GLABRIO.
1076 1429 1192 1459 Praetor
1213 1430 1403 1468 repetunda-

300 1485 387 1510 ωσι,
405 1485 491 1505 anno
509 1477 582 1513 683.
627 1475 724 1513 Apud
747 1484 846 1512 quem
869 1474 981 1504 Cicero
1007 1473 1134 1502 Verrem
1157 1473 1329 1509 accusavit,
1346 1473 1403 1502 As-

299 1519 396 1549 conio
412 1525 442 1547 et
459 1519 611 1547 Cicerone
629 1517 820 1546 auStoribus.
860 1516 976 1547 Consul
994 1525 1071 1545 cum
1088 1516 1122 1545 C.
1141 1515 1328 1553 Calpurnio,
1345 1525 1401 1545 an-

301 1570 345 1590 no
362 1562 434 1592 686.
472 1561 682 1591 Caffiodorus.
706 1561 769 1590 Dio
786 1559 842 1590 lib.
858 1569 955 1590 xxxv.
1002 1559 1112 1589 Ciceto
1127 1559 1166 1588 ad
1182 1559 1328 1588 Atticum
1346 1558 1400 1588 lib.

301 1605 357 1636 xii.
375 1611 405 1634 et
419 1614 475 1645 pro
491 1604 558 1644 lege
576 1603 722 1634 Manilia.
