1572 2616
256 190 340 241 264
598 199 764 228 INDEX
799 199 853 228 m
887 200 933 229 T.
958 201 1093 232 mvn

297 281 407 311 sumtu
434 287 512 309 curn
536 279 739 316 Veientibus,
756 278 828 310 ibid.
851 280 1002 310 Veientes
1028 279 1200 311 Fabiorum
1224 280 1369 320 viGtores,
1393 288 1446 322 50.

296 325 473 354 vincuntur
489 332 507 351 a
523 322 692 358 Romanis,
709 332 761 362 5¹·
785 323 892 353 denuo
910 323 1066 354 Romanis
1088 323 1210 354 bellum
1228 324 1380 361 inferunt,
1394 333 1447 366 53.

295 367 460 406 fugantur,
479 365 550 395 ibid.
574 366 747 404 impetrant
763 366 906 397 inducias
923 367 1133 406 quadraginta
1147 377 1320 406 annorum,
1339 375 1390 408 54.

341 408 577 448 depopulantur
600 415 744 438 extrema
769 410 833 448 agri
859 409 1013 447 Romani,
1037 419 1071 450 4,
1095 420 1122 440 1.
1146 410 1269 441 bellum
1292 415 1450 442 renovant

296 453 442 488 adversus
459 452 636 487 Romanos,
654 452 824 482 interfefi‘tis
839 453 936 483 etiam
961 463 1072 483 eorum
1097 453 1220 492 legatis,
1239 461 1286 490 17.
1311 454 1449 484 vincun-

295 503 358 531 tur,
378 496 428 525 18.
453 501 479 524 et
500 504 548 532 19.
566 494 633 524 vid.
647 494 856 526 Tolumnius.
880 497 915 526 iis
942 495 1067 526 bellum
1091 496 1263 534 indictum,
1281 506 1331 535 30.
1355 506 1448 527 com-

294 538 418 579 pellunt
436 538 601 568 Romanos
620 538 652 567 in
669 539 779 575 castra,
797 548 848 577 31.
873 540 1061 575 vincuntur,
1079 549 1131 578 33.
1149 540 1336 570 Veientibus
1353 540 1449 570 indu-

295 582 355 612 ciae
368 590 528 611 annorum
545 580 656 619 viginti
673 581 767 618 datae,
786 592 838 623 35.
863 582 977 612 Veiens
994 582 1119 613 senatus
1136 582 1266 623 superbe
1281 583 1451 623 respondet

294 624 406 664 legatis
422 623 591 660 Romanis,
609 624 661 664 58.
686 625 721 654 iis
739 625 889 655 indicitur
902 625 1038 662 bellum,
1056 626 1108 656 60.

249 668 400 700 Veientes
422 676 529 707 regem
553 674 673 703 creant,
698 674 731 707 5,
754 677 781 699 1.
804 668 891 707 quod
916 669 1115 709 improbatur
1137 667 1178 698 ab
1204 668 1355 706 Etruscis,
1373 667 1449 701 ibid.

294 711 407 750 septies
424 710 629 746 rebellarunt,
647 720 678 750 4.

249 755 319 785 Veii
337 753 445 784 obseffi
462 763 480 783 a
498 754 665 790 Romanis,
682 763 715 792 4,
734 753 785 785 61.
809 754 1019 785 hibernacula
1039 754 1079 784 ad
1095 754 1203 791 Veios,
1221 763 1252 794 5,
1272 764 1301 785 2.
1317 765 1363 792 ea,
1381 765 1448 796 quae

289 797 371 838 gesta
384 797 458 838 fiant
481 797 511 826 in
534 796 672 836 olgfidione
691 797 836 834 Veiorum,
854 805 1014 827 narrantur
1029 804 1112 838 capp.
1134 804 1248 834 7—21.
1274 798 1343 828 Veii
1359 798 1448 837 capi-

294 848 393 871 untur
420 850 439 870 a
465 839 617 876 Camillo,
645 840 809 877 memore,
828 850 880 872 21.
904 842 972 880 post
995 841 1208 870 decennalem
1231 840 1445 877 obsidionem,

294 893 346 916 22.
370 884 464 914 Veios
490 883 625 922 migrare
651 882 741 923 plebs
768 884 917 914 Romana
941 884 1045 923 cupit,
1070 894 1122 922 24.
1147 884 1221 913 inde
1243 884 1357 920 turbae,
1374 883 1448 916 ibid.

294 934 345 967 25.
364 937 414 968 29.
430 933 460 957 et
479 936 529 965 30.
554 928 740 965 antiquatur
764 926 816 956 lex
840 928 879 957 de
902 927 1070 966 migrando
1083 927 1191 963 Veios,
1211 935 1262 964 30.
1285 927 1380 956 Veios
1396 928 1448 957 fu-

291 972 385 1010 giunt
406 969 548 1009 reliquiae
565 969 712 999 Alliensis
736 969 852 1009 proelii,
870 977 921 1009 37.
946 969 1057 1000 multis
1080 979 1118 1000 eo
1142 969 1394 1006 confluentibus,
1411 969 1449 1000 fit

287 1013 359 1051 jam
374 1013 479 1043 valida
504 1022 634 1050 manus,
659 1021 744 1052 quae,
760 1023 778 1043 a
794 1014 879 1043 Veiis
896 1012 1046 1053 profefla,
1060 1012 1199 1043 Camillo
1222 1013 1318 1049 duce,
1336 1013 1449 1053 repetit

292 1057 442 1096 patriam,
458 1057 511 1096 46.
530 1062 561 1086 et
582 1057 636 1096 48.
660 1056 762 1086 rursus
790 1063 938 1087 movetur
959 1056 1041 1087 afi'tio
1069 1056 1312 1095 transmigrandi
1337 1056 1446 1094 Veios,

289 1110 346 1141 49.
361 1106 392 1130 et
410 1107 462 1139 50.
486 1100 670 1138 antiquatur
683 1109 720 1129 ea
736 1101 869 1139 rogatio,
885 1107 938 1141 55.
961 1100 1016 1140 qui
1031 1100 1128 1131 Veios
1143 1100 1277 1136 iverant,
1295 1108 1447 1130 revocan-

291 1151 343 1173 tur
359 1142 639 1176 senatusconsulto,
657 1143 690 1179 6,
705 1151 737 1181 4.

247 1187 435 1217 Veientanae
460 1186 574 1224 praedae
598 1186 760 1214 decimam
787 1192 911 1224 partem
934 1191 1029 1216 vovet
1050 1184 1194 1224 Apollini
1220 1184 1390 1221 Camillus,
1411 1190 1444 1224 5,

293 1238 344 1260 21.
369 1238 512 1268 quonam
531 1229 628 1258 modo
644 1228 698 1257 illa
714 1228 842 1258 decima
857 1237 926 1267 pars
941 1227 1043 1258 soluta
1059 1228 1165 1266 fuerit,
1184 1237 1236 1266 23.
1254 1236 1306 1268 25.
1321 1234 1353 1257 et
1370 1229 1421 1258 28.

247 1272 416 1303 Veientani
432 1272 495 1310 agri
510 1270 637 1310 septena
648 1271 761 1310 jugera
776 1270 860 1311 plebi
877 1271 985 1308 divisa,
998 1278 1029 1312 5,
1048 1280 1098 1310 30.

244 1315 435 1351 Velabrum,
455 1321 508 1350 27,
527 1321 578 1352 37.

247 1358 441 1389 Velamenta
455 1357 654 1396 supplicum,
674 1364 726 1396 25,
745 1364 796 1396 25.
822 1365 875 1395 29,
896 1357 946 1387 16.
970 1363 1023 1397 35,
1043 1366 1094 1396 34.
1120 1356 1172 1395 36,
1192 1365 1243 1388 20.

245 1402 350 1438 Velia,
369 1401 454 1440 regio
467 1400 616 1430 altiffima
629 1401 662 1430 in
678 1400 756 1430 urbe
775 1400 892 1437 Roma,
910 1409 941 1437 2,
956 1408 986 1437 7.
1010 1400 1053 1430 ibi
1070 1400 1262 1430 inaedificare
1278 1398 1392 1440 incipit
1407 1400 1443 1431 P.

290 1445 448 1481 Valerius,
465 1443 537 1473 ibid.
562 1443 662 1474 Veliae
682 1443 766 1473 aedes
782 1443 922 1482 subjicit,
940 1442 1013 1474 ibid.

243 1489 348 1524 Velia,
366 1488 441 1518 urbs
459 1487 619 1520 Lucaniae,
638 1487 692 1523 26,
711 1495 763 1525 39.

242 1531 363 1563 Velites
380 1538 413 1561 ut
431 1530 464 1560 in
478 1530 658 1569 legionibus
673 1529 784 1567 essent,
802 1529 999 1566 institutum,
1017 1528 1072 1567 26,
1084 1538 1117 1568 4.
1136 1537 1249 1559 eorum
1265 1533 1439 1565 armatura,

242 1581 419 1648 Veiiltigin
433 1574 570 1652 {sgollcilss
588 1625 620 1652 2,
637 1624 688 1654 30.
711 1624 750 1645 eo
765 1615 893 1645 colonia
915 1624 934 1644 a
957 1615 1114 1646 Romanis
1135 1613 1284 1652 deduaa,
1301 1623 1354 1653 3¹·
1379 1623 1441 1644 nu-

286 1669 393 1690 merus
409 1659 601 1689 colonorum
618 1657 743 1694 anetus,
761 1668 812 1698 34.

244 1702 397 1734 Veliterni
421 1701 589 1736 deficiunt,
607 1702 640 1738 6,
660 1710 710 1739 13.
727 1707 758 1730 et
774 1710 826 1731 21.
850 1701 1038 1737 vincuntur,
1060 1710 1112 1731 22.
1128 1698 1196 1729 vid.
1214 1705 1242 1728 et
1260 1708 1312 1737 29.
1336 1699 1444 1729 incur-

286 1747 355 1776 sant
371 1745 596 1776 Romanorum
619 1753 746 1783 agrum,
763 1744 815 1782 36.
838 1750 1028 1783 oppugnant
1051 1742 1247 1778 Tusculum,
1264 1741 1336 1772 ibid.
1360 1741 1443 1772 obfi—

283 1790 399 1819 dentur
427 1797 445 1817 a
470 1788 638 1823 Romanis,
655 1786 727 1817 ibid.
743 1793 771 1816 et
795 1794 846 1826 37.
865 1787 917 1825 38.
941 1793 970 1816 et
992 1795 1046 1826 42.
1069 1787 1193 1816 vastant
1215 1785 1439 1816 Romanorum

282 1842 411 1871 agrum,
430 1840 460 1868 7,
481 1839 529 1870 15.
554 1830 678 1860 rursum
702 1830 869 1867 deficiunt,
884 1831 917 1867 8,
936 1839 965 1868 3.
981 1836 1013 1859 et
1032 1839 1082 1861 12.
1105 1829 1139 1859 in
1162 1837 1228 1864 eos,
1244 1829 1332 1868 quod
1348 1828 1441 1858 toties

282 1874 494 1911 rebellassent,
509 1873 644 1912 graviter
668 1873 827 1910 saevitum,
847 1883 896 1912 14.
915 1872 990 1910 juffi
1013 1879 1100 1903 trans
1114 1872 1258 1902 Tiberim
1282 1871 1439 1908 habitare,

280 1925 318 1949 ut
333 1918 415 1955 ejus,
428 1917 481 1956 qui
498 1917 544 1946 cis
559 1916 703 1946 Tiberim
720 1916 935 1957 deprehensus
949 1915 1036 1954 effet,
1054 1915 1153 1955 usque
1169 1915 1210 1945 ad
1224 1914 1314 1945 mille
1329 1914 1438 1955 pondo

277 1961 444 1999 clarigatio
463 1959 552 1996 effet,
569 1959 643 1989 ibid.

237 2003 419 2035 Veliternus
435 2012 521 2041 ager,
543 2012 574 2038 2,
594 2011 646 2040 31·
672 2010 726 2040 30,
744 2003 798 2040 38.

235 2047 413 2078 Venalium
430 2046 582 2081 Pomona,
599 2044 667 2074 vid.
683 2045 874 2076 Portorium.

234 2090 372 2121 Venatio
387 2089 519 2119 leonum
536 2095 566 2118 et
583 2089 813 2126 pantherarum
828 2088 902 2118 data
918 2087 1033 2117 Romae
1045 2086 1086 2117 ab
1102 2086 1151 2116 M.
1167 2084 1295 2122 Fulvio,
1313 2094 1367 2125 39,
1385 2094 1438 2116 22.

236 2133 373 2164 Venatio
389 2133 498 2162 omnis
513 2132 635 2170 generis
652 2140 692 2160 ex
706 2131 763 2161 sue
778 2131 961 2165 mansueto,
981 2137 1034 2168 35,
1050 2138 1105 2168 49.

234 2177 426 2208 venationis
442 2181 598 2214 praetextu
615 2180 812 2213 occupatum
829 2181 860 2203 et
877 2173 1041 2213 proditum
1055 2173 1249 2208 Tarentum,
1270 2178 1323 2211 25,
1341 2180 1372 2210 9.

234 2219 400 2250 Veneficae
415 2223 574 2248 matronae
591 2217 630 2246 ad
647 2223 781 2246 centum
799 2216 999 2256 septuaginta
1014 2215 1192 2250 damnatae,
1212 2215 1244 2251 8,
1264 2215 1314 2244 18.

234 2262 411 2296 Veneficia,
430 2261 533 2299 deque
550 2260 586 2289 iis
611 2260 813 2298 quaestiones,
830 2269 884 2300 39,
902 2260 932 2289 8.
957 2259 1008 2297 38.
1030 2265 1061 2289 et
1081 2267 1135 2298 41.
1152 2257 1373 2288 veneficorum
1396 2257 1441 2288 ad

277 2305 341 2334 duo
359 2303 462 2334 millia
477 2304 644 2339 damnata,
661 2302 732 2332 ibid.
746 2302 813 2332 vid.
830 2309 858 2331 et
874 2311 930 2341 40,
950 2309 1002 2340 37.

232 2347 405 2378 Venenum
422 2346 543 2376 habent
560 2354 646 2383 reges
661 2345 701 2374 ad
718 2345 840 2375 incerta
856 2346 1007 2381 fortunae,
1026 2354 1080 2382 30,
1101 2351 1151 2385 15.

232 2390 355 2421 Veneni
373 2389 529 2428 poculum
545 2389 727 2425 Demetrio,
743 2387 883 2429 Philippi
900 2387 980 2426 filio,
996 2388 1123 2427 datum,
1139 2396 1195 2427 40,
1215 2396 1266 2425 24·
