1572 2616
516 108 750 139 PLEBEIAE
785 106 1003 137 GENTES.

1269 101 1361 148 ‘145

248 188 313 220 Ubi
330 189 404 219 Sex.
421 189 576 220 Calvinus
599 188 751 220 mendose
774 188 926 227 scriptum
949 188 1006 217 est.
1052 185 1195 216 Valerius
1217 185 1274 217 lib.

250 233 295 263 ix.
312 242 384 272 cap.
404 234 433 264 6.
469 233 642 263 Suetonius
660 233 691 262 in
707 232 837 262 Tiberio
853 232 916 261 hoc
934 240 993 261 crs.
1009 230 1108 268 hujus
1124 230 1191 260 filio
1205 238 1281 269 per-r

249 285 358 314 peram
377 276 498 307 tribuit.
522 277 640 306 Censor
654 285 731 306 cum
748 275 782 305 L.
797 274 942 311 Caecilio,
955 283 1042 304 anno
1060 274 1135 312 658.
1157 272 1277 303 Caffio-

250 319 357 349 dorus.
384 320 532 359 Epitome
548 319 616 349 lxii.

993 404 1120 436 ae—A-s

165 446 243 478 CN„
263 446 483 479 DOM1T1US
511 446 582 479 CN.
612 447 646 477 F.
676 445 747 477 CN.
774 446 825 477 N..
843 445 1017 477 AHENO·

167 500 316 521 ananus.
340 490 484 521 Pontifex
504 491 680 521 maximus.
708 491 848 530 Epitom.
865 490 933 520 lvii.
946 490 1018 519 Tri—

165 533 272 563 bunus
291 533 334 573 pl.
352 534 389 564 C.
407 535 511 564 Mario
529 543 590 570 111,
608 535 641 564 L.
660 533 791 564 Aurelio
815 542 896 563 coss.
913 532 1018 572 legem

165 577 204 605 de
222 577 412 606 Sacerdotiis
427 578 512 607 tulit.
557 577 669 606 Cicero
684 578 717 606 in
734 576 869 606 Rullum
889 583 969 606 orat.
985 576 1019 606 ii.

165 620 204 648 ad
222 620 357 649 Brutum
378 620 472 658 Epist.
488 630 517 650 v.
554 619 693 649 Velleius
711 620 766 649 lib.
783 619 815 649 ii.
846 620 1021 649 Suetonius

166 662 199 691 in
217 663 356 692 Nerone.
401 663 464 692 Dio
487 662 567 692 libro
582 664 704 692 xxxvii.
751 662 905 692 Meminit
928 662 1022 693 Vale-

166 705 232 734 rius
247 705 302 735 lib.
320 707 361 735 vi.
379 715 448 744 cap.
468 715 498 745 5.
542 705 659 735 Consul
684 715 762 735 cum
780 705 816 736 C.
834 704 949 742 Caffio,
964 715 1022 735 an·

169 758 212 777 no
230 750 303 787 657.
348 748 558 779 Caffiodorus.
603 748 720 778 Censor
736 757 813 778 cum
831 749 865 778 L.
882 749 1020 785 Licini0,

168 800 256 821 anno
273 791 347 822 661.
390 792 502 821 Cicero
519 792 573 821 lib.
591 792 630 821 de
646 792 734 821 Orat.
753 792 785 821 ii.
824 791 947 821 Gellius
964 791 1020 822 lib.

169 843 223 864 xv.
239 843 310 873 cap.
332 844 380 864 11.
409 835 553 864 Valerius
569 834 624 864 lib.
643 835 687 865 ix.
704 843 775 874 cap.
797 844 824 865 1.

170 919 205 948 L.
237 919 458 950 DOM1T1US
498 919 567 949 CN.
602 920 634 950 F.
665 919 734 955 CN.
766 920 808 949 N.
847 918 1019 949 AHENo-

173 971 321 992 munus.
354 963 468 993 AEdilis
485 963 616 998 curulis,
634 964 719 992 ursos
735 963 929 992 Numidicos
944 972 1020 992 cen-

171 1010 253 1038 tum,
277 1013 308 1035 et
335 1007 468 1035 totidem
494 1006 663 1043 AEthiopas
689 1013 852 1035 venatores
877 1006 908 1034 in
935 1006 1020 1035 circo

172 1047 321 1078 Romano
346 1050 456 1084 edidit,
485 1049 531 1078 M.
559 1048 714 1080 Meffalla.
741 1049 786 1077 M.
808 1048 915 1077 Pisone
939 1057 1020 1079 coss.

172 1099 267 1130 atque
283 1091 324 1121 fic
341 1091 512 1130 legendum
530 1092 679 1121 existimo
703 1091 802 1120 Solini
821 1091 930 1121 locum
948 1101 1020 1130 cap.

176 1136 226 1164 28.
271 1135 361 1164 Idem
393 1134 497 1163 scribit
529 1133 649 1164 Plinius
681 1134 735 1163 lib.
768 1135 832 1164 viii.
865 1143 937 1173 cap.
965 1138 1018 1172 36.

173 1177 300 1214 Praetor,
325 1187 412 1206 anno
430 1178 502 1217 695.
550 1177 667 1207 Coniul
693 1187 769 1206 cum
793 1178 854 1216 Ap.
872 1177 1020 1214 Claudio,

172 1229 259 1250 anno
287 1221 360 1260 699.
407 1220 616 1250 Cafliodorus.
661 1221 765 1250 Caesar
789 1220 844 1250 lib.
869 1221 908 1250 de
936 1220 1022 1250 bello

175 1262 302 1292 Gallico
320 1273 348 1293 v.
381 1263 426 1292 Ex
445 1263 611 1292 consulatu
631 1263 662 1291 in
681 1263 822 1292 Galliam
840 1263 1021 1294 ulteriorem

175 1306 331 1344 profeftus
359 1306 571 1344 proconsulari
599 1307 743 1344 irnperio,
769 1305 899 1335 Corfinii
917 1315 934 1335 a
950 1306 1022 1336 Cae-

175 1349 238 1378 sare
256 1349 403 1383 obseffus,
421 1356 545 1387 captus,
563 1355 658 1387 atque
675 1348 849 1379 incolumis
865 1349 1022 1387 dimissus,

174 1393 213 1421 nd
245 1392 432 1431 Pompeium
464 1392 492 1420 se
525 1391 684 1421 contulit:
715 1392 781 1430 post
813 1391 1022 1422 Pharsalicam

175 1443 331 1474 pugnam,
358 1444 396 1464 ex
425 1435 530 1464 castris
553 1435 585 1463 in
614 1441 761 1464 montem
792 1435 958 1473 refugiens,
982 1436 1024 1465 ab

173 1478 334 1516 equitibus
357 1478 400 1506 est
424 1477 614 1507 interseftus.
661 1477 763 1507 Caesar
789 1477 844 1506 lib.
870 1478 913 1507 iii.
958 1478 1022 1508 Dio

173 1521 228 1550 lib.
255 1521 310 1549 xli.
357 1521 530 1550 Suetonius
555 1521 588 1550 in
615 1520 754 1550 Nerone.
798 1521 964 1558 Appianus
990 1522 1023 1551 ii.

175 1564 326 1594 Lucanus
348 1564 401 1593 vii.
447 1563 558 1593 Cicero
584 1563 622 1593 ad
651 1564 797 1594 Atticum
814 1564 878 1593 viii.
902 1571 932 1593 et
957 1564 1022 1594 xvi.

175 1606 335 1637 Familiar.
354 1606 384 1636 in
400 1606 507 1636 Bruto.
526 1606 662 1645 Philipp.
681 1607 749 1636 xiii.
795 1607 952 1636 Asconius
968 1617 1023 1646 pro

176 1651 308 1679 Scauro.
333 1649 494 1679 Plutarch.
512 1650 543 1679 in
560 1650 692 1680 Catone.
737 1650 888 1680 Meminit
905 1649 1026 1681 Plinius

177 1691 235 1722 lib.
254 1693 307 1721 vii.
323 1701 392 1731 cap.
410 1701 460 1731 53.

179 1777 249 1807 CN.
275 1777 494 1807 DOMl'slUS
527 1777 559 1807 L.
589 1778 620 1807 F.
647 1777 717 1807 CN.
736 1778 779 1807 N.
827 1778 905 1817 Lege
934 1778 1027 1808 Pedia

179 1821 364 1856 damnatus,
393 1821 430 1850 ad
458 1820 596 1850 Caffium
620 1829 649 1850 et
677 1821 809 1850 Brutum
835 1822 936 1859 fugit:
960 1822 1026 1860 post

181 1864 341 1901 utriusque
359 1864 521 1893 interitum
541 1873 616 1893 cum
638 1865 778 1893 Antonio
796 1864 823 1893 se
840 1864 1024 1901 conjunxit.

181 1906 297 1936 Consul
323 1907 379 1935 suit
404 1916 480 1936 curn
506 1907 542 1936 C.
561 1906 660 1943 Sosin,
685 1916 770 1936 anno
793 1915 864 1943 721.
910 1906 1026 1936 Cassio-

180 1950 287 1979 dorus.
334 1949 421 1979 Bello
445 1958 517 1978 vero
540 1949 624 1978 civili
641 1950 828 1979 Antoniano
852 1949 971 1979 transiit
987 1951 1027 1980 ad

180 1993 376 2031 Augustum,
403 1999 433 2022 et
460 1993 568 2031 paucis
592 1993 659 2031 post
683 1993 795 2022 <liebus
812 2000 957 2023 mortuus
972 1994 1027 2023 est.

182 2036 354 2065 Suetonius
371 2036 403 2065 in
421 2035 558 2065 Nerone.
603 2035 741 2065 Velleius
757 2035 814 2065 lib.
831 2036 862 2066 ii.
909 2036 1027 2075 Appia-

183 2078 323 2150 nusmlib.
343 2088 372 2150 ἶ.
419 2078 608 2109 Plutarchus
631 2079 663 2108 in
688 2079 842 2108 Antonio.
886 2079 950 2108 Dio
972 2078 1028 2109 lib.

184 2130 203 2150 x
222 2131 285 2150 vni.
303 2128 334 2151 et
363 2144 370 2152 .

185 2248 255 2278 CN.
285 2248 506 2280 DOMlTlUS
537 2249 607 2280 CN.
640 2249 673 2280 F.
701 2213 821 2280 Ιηῖ

188 2301 461 2322 ΑιιεΝοΒΑκΒυς.
505 2293 677 2332 Arrogans‚
708 2293 815 2332 prosu-

1104 445 1140 476 L.
1186 443 1367 476 DOM1T1-

1084 498 1151 519 -US
1175 498 1232 519 CN.
1259 498 1287 518 F.
1306 497 1365 519 CN.

1107 542 1142 562 N.
1157 541 1367 562 ARENOBAR-

1109 585 1188 605 nus.
1214 591 1216 594 v
1239 574 1368 606 Praetor.

1090 618 1252 648 -Siciliam
1295 627 1367 657 pro-

1108 662 1250 692 vinciam
1282 661 1367 691 obti-

1109 705 1192 735 nuit.
1255 704 1368 735 Cicero

1111 749 1240 778 Verrina
1253 757 1285 779 V.»
1306 748 1369 778 Va-

1107 790 1202 821 lerius
1236 790 1292 821 lib.
1323 791 1367 821 vi.

1107 843 1179 873 cap.
1195 843 1225 872 3.
1246 834 1366 864 Consul

1107 887 1184 907 cum
1202 878 1238 907 C.
1253 877 1366 913 Caelio,

1106 930 1193 950 anno
1205 922 1278 960 659.
1293 921 1366 950 Cas-

1107 963 1257 994 siodorus.
1299 964 1367 994 Ob-

1106 1007 1250 1046 sequens.
1271 1008 1369 1036 Asco-

1107 1051 1179 1080 nius
1199 1051 1230 1080 in
1249 1051 1368 1080 Corne-

1106 1093 1241 1124 lianam.

900 2250 935 2280 L.
958 2250 1179 2283 DOMITIUS
1204 2253 1274 2285 CN.
1294 2255 1327 2286 F.
1346 2255 1381 2287 L.

905 2302 940 2323 N.
958 2303 1233 2329 marcomannus.
1261 2297 1381 2329 Consul
