1572 2616
237 116 319 169 ³64
662 137 999 171 ROMANORUM

508 363 852 409 POMPEIA
898 369 1110 413 GENS.

719 537 936 544 ——-—-—.

230 630 502 688 VELLEJUS
533 652 761 698 paterculus,
791 655 918 691 audior
947 656 1173 704 antiquitatis
1199 655 1286 693 sane
1312 656 1420 695 lucu-

226 718 366 764 lentus,
389 725 462 756 tres
483 721 670 770 Pompeiae
689 723 809 771 gentis
828 722 933 759 fuiffe
951 723 1107 760 familias
1133 724 1230 760 libro
1257 724 1422 761 secundo

227 784 364 820 tradit:
395 798 480 834 quae
506 797 595 822 vero
623 786 683 822 hae
703 786 786 831 fint,
809 799 884 823 non
914 786 1088 836 explicat.
1142 788 1245 825 Mihi
1263 789 1422 838 diligen-

227 847 361 885 tiffime
380 848 462 885 haec
482 851 742 899 perpendenti,
762 851 847 888 duae
867 852 1024 888 omnino
1043 851 1200 902 hujusce
1227 853 1348 902 gentis
1366 852 1424 889 fa-

228 912 344 949 miliae
372 913 525 951 diversae
553 921 768 952 occurrunt.
825 916 948 953 Prima
966 916 1153 954 Ruforum
1173 917 1239 961 est,
1261 928 1425 965 quorum

227 977 383 1026 quidem
401 984 475 1015 tres
493 984 579 1015 ante
598 979 744 1016 bellurn
763 980 872 1017 civile
894 981 1105 1025 Sullanum,
1124 987 1198 1017 tres
1215 981 1294 1030 post
1311 981 1425 1018 Pom-

226 1042 418 1090 peianum,
453 1043 601 1080 curules
632 1044 773 1093 geffifse
804 1046 1035 1095 magistratus
1068 1046 1225 1095 reperio.
1282 1045 1424 1094 Neque

226 1111 357 1142 tamen
375 1108 506 1156 ignoro
525 1107 706 1156 quosdam
726 1121 774 1145 ex
792 1109 849 1146 his
869 1110 1084 1158 Bithynicos
1101 1109 1288 1158 appellari.
1345 1109 1423 1146 Eos

226 1169 345 1214 enim,
367 1171 451 1219 quia
478 1169 645 1220 ejusdem
666 1171 775 1221 plane
796 1172 882 1209 sunt
901 1173 1032 1221 stirpis,
1053 1184 1142 1209 cum
1166 1173 1309 1209 caeteris
1330 1185 1424 1210 con-

219 1233 431 1284 junximus.
488 1234 618 1284 Hujus
652 1235 804 1273 familiae
841 1236 967 1273 metor
999 1237 1050 1273 est
1085 1242 1124 1273 et
1156 1238 1328 1286 princeps
1366 1237 1421 1275 Q.

224 1298 442 1347 Pompeius,
463 1301 491 1336 is
508 1301 569 1348 qui
590 1312 672 1337 rem
697 1300 742 1337 ad
772 1300 1023 1337 Numantiam
1042 1300 1140 1337 male
1157 1299 1263 1349 geffit
1280 1315 1287 1337 :
1318 1301 1422 1338 unde

225 1375 248 1400 a
268 1364 452 1400 Cicerone
481 1364 528 1400 de
557 1364 662 1401 claris
690 1365 924 1409 Oratoribus,
945 1364 1061 1402 homo
1081 1376 1148 1413 per
1163 1364 1201 1401 se
1221 1365 1391 1414 cognitus
1408 1379 1420 1402 z

225 1439 295 1477 pro
324 1428 513 1472 Muraena,
542 1440 659 1466 novus
691 1429 807 1466 homo
837 1428 1064 1478 appellatur:
1101 1434 1212 1478 atque
1240 1429 1353 1465 etiam
1380 1428 1422 1465 in

225 1491 484 1529 Accusationis
503 1493 647 1541 quinto,
665 1493 796 1529 humili
812 1500 849 1529 et
864 1492 1021 1530 obscuro
1041 1492 1125 1529 loco
1144 1498 1253 1529 natus
1272 1492 1421 1530 dicitur.

224 1556 359 1594 Altera
379 1556 517 1593 familia
538 1557 707 1606 Pompeii
728 1557 859 1606 Magni
879 1557 943 1600 est,
965 1555 1071 1605 cujus
1090 1562 1208 1605 pater,
1230 1557 1315 1605 quia
1335 1568 1422 1605 per-

227 1618 339 1656 verfis
367 1618 457 1655 ess'et
484 1620 616 1665 oculis,
639 1621 769 1657 Strabo
798 1621 1034 1656 nominatus:
1067 1618 1143 1669 ipse
1162 1631 1252 1655 vero
1269 1624 1423 1667 propter

225 1695 286 1720 res
319 1683 357 1720 in
389 1684 508 1733 prima
536 1690 644 1720 aetate
672 1684 848 1732 praeclare
876 1683 1094 1732 fortiterque
1121 1683 1251 1732 gestaS,
1277 1683 1420 1731 primus

227 1748 403 1784 omnium
431 1747 563 1796 Magni
592 1749 815 1797 cognomine
843 1746 895 1784 est
922 1759 943 1783 a
971 1746 1073 1783 Sulla
1100 1747 1308 1789 decoratus,
1335 1758 1420 1782 om-

227 1811 337 1849 niurn
356 1816 457 1853 certe
486 1811 694 1847 seculorum
722 1816 761 1847 et
790 1811 985 1847 nationum
1014 1809 1122 1846 facile
1147 1810 1332 1858 princep5,
1355 1809 1419 1857 qui

228 1874 325 1910 fines
359 1874 505 1922 imperii
534 1875 693 1911 Romani
725 1878 784 1923 (ut
819 1876 954 1911 Cicero
981 1875 1019 1910 in
1048 1873 1248 1910 Catilinam
1277 1871 1418 1918 scribit)

228 1950 306 1974 non
337 1943 459 1981 terrae,
489 1937 552 1974 sed
580 1938 664 1974 coeli
693 1938 905 1987 regionibus
935 1937 1159 1979 terminavit,
1185 1933 1291 1983 cujus
1318 1939 1422 1971 extat

230 2009 524 2041 monumentum
548 2002 646 2050 apud
674 2002 836 2038 Plinium
863 2001 958 2038 libro
985 2000 1047 2037 vii.
1075 2006 1114 2038 et
1141 2000 1179 2035 in
1208 1998 1302 2034 libro
1331 1998 1422 2048 Epi·
1445 1988 1449 1992 ’

231 2078 350 2116 gram.
373 2066 487 2110 urbis,
508 2065 608 2114 quod
631 2077 829 2115 apponam.

287 2207 324 2233 1².
344 2207 439 2231 URB.
459 2206 524 2231 Ro.
545 2205 575 2229 S.
594 2206 627 2230 P.
646 2206 683 2232 Q.
702 2206 740 2230 R.
758 2204 825 2229 CN.
849 2203 1060 2229 POMPEIUS
1080 2202 1256 2227 MAGNUS
1277 2202 1367 2227 IMP.

286 2269 420 2295 BELLO
437 2269 524 2294 XXX
540 2268 639 2293 ANN.
659 2267 875 2293 CONFECTO
894 2266 1023 2299 FUSIS,
1040 2264 1232 2295 FUGATIS,
1248 2263 1369 2288 ocel-

286 2332 359 2363 518,
377 2332 421 2357 ΙΝ
438 2331 712 2358 DEDlTIONEM
733 2331 934 2359 ACCEPTIS
958 2329 1167 2356 HOMINUM
1191 2327 1367 2357 CENTIES
