1572 2616
219 134 276 176 86
567 147 734 177 1NDEx
770 149 827 176 IN
861 149 907 177 T.
934 149 1069 177 LIV11

217 226 382 257 Exercitus
406 226 545 258 Romani
561 229 637 258 ordo
653 234 683 258 et
700 237 854 259 numerus
877 229 1064 269 descriptus,
1079 229 1110 266 8,
1128 229 1159 260 8.
1183 227 1313 259 collatio
1327 237 1406 259 cum

261 269 434 300 Alexandri
452 271 563 309 Magni
580 272 733 307 exercitu,
752 281 784 310 9,
806 281 855 310 19.

219 313 384 343 Exercitus
397 314 584 351 consularis,
603 322 634 352 7,
656 325 703 355 19.

218 373 263 379 —
278 357 488 393 voluntarius,
507 367 538 397 5,
559 366 588 394 7.

217 415 263 422 —
278 399 343 429 fine
359 399 426 429 ulla
441 401 616 430 vacationis
631 410 726 430 venia
741 400 885 441 scriptus,
903 402 935 438 8,
954 411 1005 432 20.

217 458 262 465 —
277 442 518 479 tumultuatim,
534 444 566 479 8,
588 453 636 474 11.

218 501 263 508 —-
278 485 412 522 navalis,
431 497 484 522 22,
506 495 554 516 ιι.

218 545 263 552 —
279 529 432 565 urbanus,
450 529 521 559 ibid.
539 536 566 558 et
584 538 635 566 27,
656 537 684 566 7.

219 572 384 602 Exercitus
407 582 543 602 numero
564 574 731 612 copiarum
755 571 890 611 insignes
913 573 998 612 apud
1022 572 1200 609 Romanos,
1223 581 1341 611 nempe
1357 571 1412 601 de-

263 624 337 644 cem
352 615 473 654 scriptae
496 616 648 654 legiones,
669 626 700 652 2,
719 625 770 654 30.
795 621 824 652 7,
844 626 894 655 25.
919 617 1031 646 armati
1049 617 1154 653 87200
1171 617 1203 644 in
1225 616 1330 645 castris
1346 614 1410 644 Ro-

263 659 382 695 manis,
397 668 498 697 quum
516 666 696 698 pugnaturn
713 659 751 688 ad
768 659 895 689 Cannas
908 660 964 694 est,
983 669 1036 695 22,
1054 660 1104 697 36.
1121 658 1187 689 vid.
1205 659 1310 697 Legio.

220 700 387 731 Exercitus
403 701 536 737 lustrati,
557 711 585 738 1,
603 712 656 741 44.
682 702 735 740 38,
756 711 803 731 12.
827 711 882 740 40,
898 702 927 732 6.

223 743 389 774 Exercitus
404 744 569 774 irineribus
585 752 615 774 et
632 746 810 775 mutatione
825 745 971 775 locorum
987 744 1149 782 salubrior,
1167 754 1217 781 10,
1237 751 1287 784 25.
1304 744 1337 774 in
1353 752 1412 783 op-

265 787 346 823 pidis
363 788 528 817 hibernare
543 789 671 825 vetitus,
691 788 744 823 26,
765 798 815 819 21.

224 830 433 860 Exercituum
452 831 630 867 seditiones,
650 841 680 866 2,
700 841 751 870 32.
775 840 827 870 43.
846 837 876 861 et
893 837 945 871 59.
970 840 1002 869 3,
1021 838 1072 870 50.
1093 840 1126 870 4,
1146 839 1197 870 50.
1223 837 1253 866 7,
1271 830 1412 869 38—42.

267 874 320 909 28,
340 883 389 910 24.
409 881 436 902 et
447 873 529 915 scqq.

308 916 342 945 in
360 916 508 946 Exercitu
522 916 702 953 Annibalis,
719 917 812 946 misto
829 927 870 946 ex
886 916 1069 946 colluvione
1084 916 1238 946 omnium
1251 915 1412 955 gentium,

267 958 357 988 nulla
373 959 494 996 seditio,
512 961 565 996 28,
588 969 636 990 12.

224 1001 359 1037 Exodia,
378 1010 408 1039 7,
429 1012 456 1032 2.

224 1045 372 1084 Expiatio
389 1046 550 1081 fanorum,
567 1045 634 1074 vid.
652 1046 789 1075 Fanum.

224 1087 445 1126 Exploratores
461 1088 625 1118 Romanos
642 1089 722 1118 inter
737 1088 958 1127 Numidasque
974 1094 1147 1120 certamen,
1167 1096 1220 1122 21,
1239 1087 1291 1117 26.

224 1131 307 1160 Exta
329 1131 402 1160 laeta
427 1131 638 1170 prolationem
665 1131 795 1168 finium,
812 1131 977 1161 victoriam
1002 1138 1032 1160 et
1058 1131 1262 1169 triumphum
1289 1135 1416 1170 porten-

268 1174 362 1209 dunt,
382 1184 433 1211 31,
454 1182 482 1212 5.

223 1232 267 1239 —
279 1217 377 1246 cruda
393 1219 423 1245 in
443 1226 528 1246 mare
546 1217 671 1255 porricit
687 1217 806 1254 Scipio,
825 1227 877 1257 29,
897 1225 946 1253 27.

225 1276 268 1282 -—
284 1260 389 1298 primo
404 1266 517 1289 trunca
533 1266 564 1289 et
577 1261 691 1297 turpia,
708 1260 822 1289 deinde
839 1261 934 1289 nimis
950 1259 1036 1294 laeta,
1055 1265 1107 1295 27,
1126 1259 1178 1289 26.

225 1319 268 1325 —
284 1303 322 1331 ad
340 1303 434 1339 Exta,
451 1302 603 1332 sacrificio
626 1309 816 1341 perpetrato,
834 1303 898 1333 duo
923 1312 1055 1342 angues,
1073 1311 1111 1332 ex
1134 1301 1263 1332 occulto
1284 1299 1416 1341 adlapsi,

269 1346 359 1374 edere
371 1345 472 1381 iecur.
491 1346 555 1374 vid.
573 1346 767 1384 Prodigium.

228 1388 357 1418 Extares
372 1388 534 1428 011ae‚stve
546 1395 648 1425 extar,
666 1395 718 1417 aut
733 1395 853 1425 extare,
873 1398 924 1428 25,
946 1389 995 1418 16.

228 1431 359 1461 Exsules
375 1439 536 1471 occupant
553 1431 648 1461 noftu
666 1431 877 1471 Capitolium,
897 1442 928 1470 3,
951 1439 998 1470 15.

228 1473 358 1504 Exsules
376 1475 623 1511 Lacedaemonii,
644 1484 695 1514 34,
716 1476 767 1505 26.
784 1475 979 1504 reducuntur
995 1474 1034 1503 ab
1050 1474 1192 1512 Achaeis,
1208 1475 1262 1513 38,
1278 1481 1419 1513 30—34·

228 1517 357 1546 Exsules
377 1517 537 1557 Hypataei,
554 1527 606 1556 41,
626 1527 676 1555 30.

228 1560 365 1590 Exuvias
384 1570 448 1589 non
471 1560 613 1590 militurn
638 1567 778 1597 tantum,
797 1559 845 1589 sed
870 1560 1111 1598 imperatorum,
1130 1566 1233 1598 portat
1248 1558 1425 1589 Annibalis

272 1603 442 1639 exercituS,
463 1613 514 1641 30,
535 1604 585 1633 28.

811 1771 845 1800 F.

231 1844 374 1890 FABIA
405 1870 494 1900 gens,
523 1871 554 1897 2,
582 1867 634 1900 45.
668 1859 791 1890 bellurn
823 1869 898 1890 cum
928 1859 1115 1890 Veientibus
1143 1859 1268 1899 suscipit
1299 1859 1428 1898 privato

274 1905 393 1939 sumtu,
412 1906 465 1942 48.
483 1904 533 1932 sex
551 1910 581 1932 et
597 1904 727 1932 trecenti
746 1903 875 1940 milites,
889 1913 1002 1932 omnes
1020 1903 1154 1942 patricii,
1169 1913 1186 1932 e
1200 1910 1292 1941 gente
1313 1901 1418 1938 Fabia,

273 1955 326 1985 49.
351 1957 368 1976 a
382 1946 567 1976 Veientibus
585 1946 653 1975 caeli
672 1956 797 1981 omnes,
814 1956 880 1975 uno
896 1952 1023 1976 tantum
1040 1956 1057 1975 e
1073 1947 1164 1985 stirpe
1180 1945 1299 1981 relicto,
1316 1953 1370 1984 50.

233 1990 338 2019 Fabiae
356 1990 484 2024 sorores,
504 1989 551 2018 M.
572 1989 657 2018 Fabii
674 1989 819 2018 Ambusti
839 1989 925 2024 filiae,
944 1990 976 2025 6,
994 1999 1046 2027 34.

232 2033 348 2063 Fabius
370 2032 483 2068 Pictor,
501 2031 608 2060 aufflor
631 2031 877 2070 antiquiffimus‚
898 2041 927 2066 1-,
941 2042 994 2071 44.
1011 2039 1041 2061 et
1059 2039 1110 2071 55.
1130 2041 1160 2067 2⁷,
1177 2040 1229 2070 40.
1246 2030 1278 2067 8,
1296 2038 1348 2068 30.
1369 2039 1420 2067 10,

278 2083 329 2114 37.
355 2085 405 2111 22,
426 2083 452 2110 7.
479 2074 544 2104 vid.
562 2074 643 2114 infra
661 2075 701 2104 Q.
721 2074 834 2103 Fabius
851 2074 961 2103 Pictor.

232 2119 268 2149 C.
288 2118 414 2153 Fabius,
432 2116 651 2153 consu1,juffu
677 2116 787 2156 populi
802 2115 1083 2155 Tarquiniensibus
1106 2115 1230 2146 bellum
1245 2115 1369 2152 indicit,
1389 2123 1421 2152 7,

280 2170 328 2191 12.
347 2160 431 2190 male
446 2167 557 2190 contra
579 2159 823 2199 Tarquinienses
848 2168 913 2189 rem
938 2160 1029 2198 gerit,
1050 2166 1099 2198 15.
1124 2165 1247 2189 creatur
1270 2159 1420 2197 interrex,

281 2211 330 2240 17.

233 2246 270 2276 C.
288 2246 417 2281 Fabius,
435 2246 581 2284 magister
595 2246 756 2284 equitum,
775 2254 806 2283 9,
827 2253 878 2283 23.

234 2289 322 2320 Caeso
347 2288 472 2322 Fabius,
490 2289 634 2328 quaeflor,
651 2288 735 2317 diem
761 2286 984 2327 perduellionis
1000 2287 1076 2317 dicit
1093 2287 1147 2326 Sp.
1164 2287 1266 2318 Caffio
1287 2285 1423 2323 consuli,

278 2342 310 2371 2,
328 2340 379 2369 41-
406 2338 528 2361 creatur
551 2330 675 2369 consul,
691 2339 744 2370 42.
768 2331 898 2370 iterum,
920 2340 974 2371 43.
997 2331 1153 2362 exercitus
1174 2330 1242 2368 ejus
1265 2340 1331 2361 non
1356 2328 1426 2359 vuit
