1572 2616
415 180 788 212 HISTORIARUM
826 180 1028 209 LIBROS.
1231 175 1311 220 275

123 262 330 300 Xenoclides,
346 261 562 292 Chalcidensis
587 262 745 301 princeps,
768 260 893 290 amicus
917 258 1086 297 Romanis,
1111 264 1164 298 35,
1191 259 1241 296 38.
1260 267 1312 298 50.

166 313 198 336 et
240 316 267 336 r.

71 344 78 349 ’
122 314 340 388 Χεηοῗὼειηεε
363 348 511 388 princeps
534 346 701 386 legationis
723 355 743 375 a
764 345 914 385 Philippo
932 343 1031 375 miffae
1047 343 1087 374 ad
1103 342 1310 379 Annibalem,

167 393 201 422 in
227 391 368 432 praesidia
392 391 540 421 Romana
563 389 687 427 incidit,
706 399 758 427 23,
777 398 828 428 33.
851 390 919 419 astu
944 387 1080 427 elapsus,
1102 386 1207 416 foedus
1233 386 1310 416 facit

165 443 244 465 cum
265 434 439 470 Annibale,
455 433 528 464 ibid.
551 433 674 464 rursum
695 439 808 472 captus
833 441 851 461 a
868 432 1037 469 Romanis,
1064 429 1104 461 ad
1127 427 1307 466 consulem,

165 486 202 507 ac
218 477 333 507 deinde
348 476 490 507 Romam
505 477 698 516 deportatur,
716 485 768 515 34.
785 481 816 505 et
833 476 885 513 38.

119 520 317 559 Xenophon,
333 520 486 556 Achaeus,
505 529 556 558 32,
575 528 626 557 32.

120 562 257 603 Xychus
283 562 429 593 ordinem
451 563 612 599 facinoris,
637 570 703 602 quo
728 560 912 591 Demetrius
935 560 1175 592 circumventus
1195 557 1310 595 fuerat,

163 606 263 644 aperit
279 605 439 645 Philippo,
455 615 510 645 40,
527 612 578 646 55.

119 647 238 688 Xyline
254 648 369 686 Come,
387 649 440 687 38,
459 656 508 688 15.

120 690 250 731 Xyniae,
265 691 436 731 oppidum,
455 701 508 730 32,
525 700 574 729 13-
600 699 653 729 33,
671 699 702 729 3·
724 699 778 731 39,
794 699 846 730 29·

695 843 733 874 Z.

119 926 413 980 ZACYNTHUS,
438 944 540 974 insula
565 945 746 984 propinqua
771 943 914 980 AEtoliae‚
941 952 994 980 21,
1021 949 1050 980 7.
1074 942 1129 980 26,
1157 952 1208 983 24.
1236 951 1310 973 earn

164 987 250 1026 capit
266 987 426 1023 Laevinus,
442 988 495 1023 26,
514 996 565 1026 24.
589 996 693 1026 quum
715 986 853 1026 Philippi
869 985 984 1022 fuisset,
1000 995 1079 1016 mox
1093 986 1310 1027 Amynandri,

165 1038 203 1058 ac
227 1029 341 1059 deinde
364 1031 574 1066 Achaeorum,
591 1030 631 1059 ab
646 1030 774 1060 Achaeis
799 1039 872 1060 eam
895 1029 1008 1068 repetit
1031 1029 1071 1060 T.
1088 1029 1256 1067 Quintius,
1279 1035 1312 1059 et

164 1071 320 1102 Romanis
334 1073 412 1102 tradi
425 1072 530 1109 jubet,
548 1073 601 1111 36,
621 1081 672 1111 32.

121 1114 238 1151 Zama,
252 1115 338 1150 urbs,
356 1116 498 1154 quinque
513 1115 637 1145 dierum
655 1116 711 1144 iter
725 1115 810 1144 abest
826 1124 844 1144 a
860 1114 1064 1154 Carthagine,
1083 1123 1135 1153 30,
1150 1124 1203 1155 29.

122 1157 444 1199 Zama,stvefortaffe
459 1158 567 1194 Same,
583 1157 697 1194 insula,
716 1166 768 1195 32,
789 1158 837 1188 16.

121 1199 296 1237 Zelasium,
311 1202 581 1239 promontorium,
599 1210 652 1238 31,
668 1201 722 1239 46.

120 1242 224 1279 Zeno,
243 1244 388 1282 princeps
412 1244 617 1282 Magnetum,
633 1244 680 1273 vir
702 1251 829 1282 magnae
851 1238 1057 1280 auetoiitatis,
1077 1242 1118 1273 T.
1135 1241 1313 1274 Quintium

164 1285 371 1324 Magnetibus
387 1286 505 1325 placat,
521 1295 574 1325 35,
593 1295 644 1324 31.

121 1327 225 1364 Zeno,
238 1328 388 1358 Sardibus
401 1328 440 1357 ab
457 1329 620 1358 Antiocho
637 1327 815 1367 praefeElus,
832 1336 885 1367 37,
904 1338 957 1367 44.

121 1369 224 1406 Zeno,
240 1370 404 1409 praesefflus
419 1371 572 1410 Philippi,
587 1372 720 1402 caeditur
735 1371 775 1401 ab
791 1371 1044 1408 Athamanibus,
1062 1371 1115 1411 38,
1137 1380 1161 1401 1.
1179 1377 1211 1401 et
1228 1381 1260 1402 2.

122 1413 336 1452 Zephyrium,
352 1414 522 1452 oppidum,
540 1423 591 1452 33,
610 1424 660 1444 20.

121 1455 288 1495 Zerynthii
303 1456 462 1495 Apollinis
477 1456 652 1495 templum,
671 1458 723 1495 38,
739 1466 793 1495 41.

122 1498 296 1535 Zeuxidas,
312 1500 521 1529 Acarnanum
536 1506 661 1537 praetor,
680 1509 732 1538 33,
755 1501 804 1530 16.

122 1540 321 1580 Zeuxippus,
349 1542 495 1581 princeps
522 1542 721 1579 Boeotorum,
752 1542 861 1572 aufior
887 1541 1044 1572 Romanae
1072 1541 1241 1579 societatis,
1267 1542 1310 1573 ob

168 1584 253 1613 hanc
267 1584 408 1614 cauffam
422 1594 487 1614 non
504 1592 626 1614 creatur
638 1586 838 1621 Boeotarcha,
857 1594 909 1623 33,
926 1592 976 1621 27.
1001 1584 1205 1625 Brachyllarn
1219 1585 1315 1616 Boeo-

165 1627 299 1656 tarchen
317 1627 495 1657 tollendum
512 1634 613 1664 curat,
633 1629 683 1658 28.
713 1628 878 1659 accusatur
894 1627 1003 1666 caedis,
1017 1627 1089 1658 ibid.
1112 1628 1193 1667 fugit
1204 1629 1311 1659 Tana-

167 1677 271 1707 gram,
287 1670 401 1700 deinde
416 1671 573 1707 Athenas,
587 1670 658 1700 ibid.

124 1710 256 1748 Zeuxis,
273 1712 437 1751 praesc&us
460 1714 625 1749 Antiochi,
643 1714 750 1753 praeest
767 1714 880 1744 rnediae
897 1713 976 1743 aciei
992 1713 1025 1742 in
1042 1722 1151 1752 pugna
1165 1714 1312 1745 adversus

167 1753 344 1791 Romanos,
363 1763 415 1792 37,
430 1765 483 1794 4¹·
506 1755 628 1795 legatus
643 1756 781 1786 mittitur
805 1757 844 1786 ad
868 1757 1066 1795 Scipionem,
1082 1764 1136 1796 45.
1160 1757 1227 1795 ejus
1241 1767 1312 1787 ora—

167 1796 212 1825 tio
228 1796 265 1825 de
282 1806 373 1836 pace,
390 1797 462 1827 ibid.

123 1838 280 1877 Zoippus,
296 1849 390 1878 gener
406 1840 567 1877 Hieronis,
584 1847 668 1870 tutor
686 1840 889 1880 Hieronymi,
907 1851 959 1880 24,
975 1850 1006 1879 4.
1023 1846 1055 1871 et
1071 1848 1101 1881 5.
1124 1841 1247 1880 legatus
1269 1842 1310 1872 ad

168 1890 274 1920 regern
301 1882 526 1919 Ptolemaeum,
553 1883 770 1913 voluntarium
797 1883 852 1913 sibi
881 1883 1045 1914 consciscit
1073 1883 1233 1920 exsilium,
1258 1886 1316 1916 26.

169 1923 237 1961 ejus
253 1933 332 1955 uxor
349 1925 502 1956 Heraclea
517 1932 548 1956 et
564 1925 638 1956 filiae
654 1936 672 1955 a
688 1926 891 1966 Syracusanis
907 1926 1152 1965 interficiuntur,
1165 1927 1235 1958 ibid.

124 1965 246 2006 Zyboea
261 1967 402 1999 devians
415 1978 434 1999 a
449 1969 641 2006 Nicomede,
661 1970 712 2008 38,
735 1970 782 1999 16.

676 2446 747 2477 N6
