1572 2616
198 153 282 209 130
540 164 711 198 mmzx
747 166 804 196 IN
839 165 886 194 T.
912 164 1049 195 mvn

201 244 268 283 Lex
285 244 446 282 Canuleii‚
462 244 501 281 de
517 247 684 277 connubio
700 246 828 277 Patrum
845 253 876 281 ‚et
892 246 1005 286 piebis,
1019 241 1062 287 4,'
1074 256 1103 277 1.

200 305 245 313 —
261 289 385 325 Cincia‚
403 289 441 319 de
457 290 548 319 donis
563 298 592 320 et
611 291 810 327 muneribus,
827 300 880 330 34,
896 301 928 330 4.

200 348 245 357 —
259 333 297 362 de
315 332 444 363 consule
461 334 544 363 intra
560 334 673 364 decem
688 344 790 364 annos
807 344 872 367 non
888 334 1060 368 reficiendo
1093 343 1144 371 10,
1166 342 1217 372 13.

199 391 244 400 —
270 376 411 412 Curiata,
431 379 528 416 5‚46.
554 388 586 417 9,
607 378 656 415 38.
1066 366 1075 381 ’

203 435 249 443 ——
273 420 395 450 Decem
412 420 610 454 tabularum,
629 430 660 459 3,
676 429 727 459 34.

205 479 250 487 —
265 463 515 497 Decemviraies‚
533 464 649 503 quibus
673 463 791 493 tabulis
812 464 986 496 duodecim
1001 466 1046 496 est
1064 473 1196 499 nomen,
1213 464 1248 495 in
1264 472 1308 496 aes
1322 464 1406 495 inci-

251 508 305 542 sae,
323 513 354 537 et
371 508 403 536 in
422 507 550 546 publico
569 507 747 546 propoiitae‚
768 517 799 546 3,
818 514 870 547 57.

208 565 252 574 —
269 551 307 580 de
324 550 474 580 dif’tatore
491 552 641 585 creando,
659 561 690 587 2,
713 551 761 580 18.

209 610 253 617 -
272 593 383 630 Flavii,
400 601 435 623 ut
453 595 485 623 in
501 594 703 624 Tusculanos
719 594 1003 634 animadvertatur,
1021 595 1053 632 8.,
1072 602 1123 634 37-

208 653 252 660 -
271 637 417 673 Horatia,
438 647 468 676 3,
487 644 539 677 55.

207 680 253 703 -’-
269 679 359 710 Icilia
373 680 411 710 de
427 681 602 716 Aventino,
621 689 651 717 3,
670 690 722 719 32.

208 739 254 746 ——
270 724 403 759 Licinia,
421 724 459 753 de
476 724 604 754 coniule
621 734 659 753 ex
679 723 770 763 plebe
786 724 935 761 creando,
955 732 986 761 7,
1006 735 1054 755 21-
1074 734 1126 755 22.
1143 729 1174 754 et
1188 730 1240 764 25.

209 783 254 790 —-
267 767 390 797 Licinia
411 768 531 805 Sextia,
548 768 586 797 de
607 777 668 797 aere
688 767 807 804 alieno,
823 770 862 797 de
886 769 984 798 modo
1007 777 1168 807 agrorum,
1183 769 1223 798 de
1239 766 1407 798 consulatu

255 811 393 850 piebem,
412 811 443 845 6,
464 819 514 849 35.

208 869 253 878 ·-
270 855 470 892 magistrams
490 853 603 893 plebeii
620 863 660 883 ne
678 859 808 892 pateant
825 855 965 892 patricio,
981 863 1015 894 4,
1032 860 1082 894 25.

210 913 255 920 —-
270 898 308 926 de
327 896 522 926 muifitarum
541 898 766 933 aestimanone,
782 906 816 935 4,
835 906 886 935 3ο.

210 956 255 964 ·—
270 941 389 980 Oppia,
407 941 443 969 de
461 940 550 969 cultu
568 947 803 975 matronarum,
822 949 873 980 34,
895 950 922 969 1.
948 940 1130 979 abrogatur,
1149 941 1180 971 8.

208 1000 254 1008 —
269 984 403 1022 Papiria,
420 993 482 1022 qua
496 985 663 1013 Acerranis
679 984 790 1014 civitas
807 983 872 1014 fine
888 984 1033 1023 suffragio
1049 984 1155 1022 datur,
1173 985 1206 1022 8,
1226 990 1275 1020 17-

209 1042 255 1051 -—
270 1028 315 1057 de‘
325 1026 553 1066 perduellione,
575 1036 604 1064 1,
623 1028 674 1058 26.

211 1086 255 1094 -—
272 1070 405 1106 Petillia,
425 1078 477 1109 37,
496 1078 548 1110 54.

206 1128 256 1139 s—
271 1119 307 1144 ut
323 1114 485 1152 plebiscita
501 1122 615 1143 omnes
630 1113 769 1143 Quirites
784 1119 941 1150 tenerent,
959 1123 990 1152 3,
1009 1120 1060 1154 55.
1086 1114 1120 1150 8,
1140 1122 1190 1144 ιι..

209 1171 253 1181 ——
270 1157 414 1194 Poeoelia,
431 1159 469 1187 de
487 1157 641 1186 nundinis
656 1163 686 1186 et
703 1156 926 1187 conciliabulis
944 1156 1113 1193 obeundis,
1133 1164 1163 1193 7,
1185 1162 1234 1196 ¹5·

208 1215 254 1224 —-
270 1201 390 1238 Porcia,
408 1210 463 1240 pro
480 1207 567 1239 tergo
583 1200 718 1236 civium,
739 1210 789 1236 10,
809 1211 839 1240 9.

209 1257 254 1267 ι-
269 1244 308 1273 de
338 1246 575 1283 provocatione,
597 1253 628 1280 2,
647 1245 677 1274 8.
703 1252 734 1282 3,
753 1250 804 1283 55.
833 1253 884 1280 10,
902 1251 933 1282 9.
957 1242 1080 1283 semper
1103 1252 1122 1272 a
1147 1241 1269 1272 familia
1293 1242 1406 1272 eadem

253 1286 331 1323 lata,
350 1286 422 1317 ibid.

206 1327 277 1366 ,Lex
295 1330 425 1367 sacrata,
442 1329 475 1360 in
492 1330 590 1361 Sacro
605 1335 717 1359 monte
731 1328 809 1366 lata,
828 1340 860 1367 2,
879 1338 930 1368 33.
951 1328 1023 1359 aliae
1046 1329 1174 1360 sacratae
1189 1327 1286 1367 leges,
1305 1338 1335 1367 3,
1354 1338 1407 1368 32.

254 1383 289 1413 4·
308 1375 358 1404 26·
385 1381 416 1411 7,
433 1383 486 1412 41-
511 1383 611 1414 9239·
637 1373 689 1411 36,
708 1375 758 1412 38·
785 1382 837 1413 39,
856 1380 886 1413 5·
1206 1415 1236 1420 ,-

210 1432 254 1440 -
269 1417 402 1447 Senator
426 1427 465 1447 ne
489 1417 574 1456 quis,
599 1418 694 1456 quive
714 1417 864 1446 senatoris
889 1422 978 1456 pater
1001 1415 1117 1452 fuisset,
1134 1422 1333 1446 maritlmam
1349 1424 1407 1445 na-

252 1469 342 1497 vem,
360 1470 433 1499 quae
457 1460 528 1500 plus
552 1469 652 1499 quam
676 1466 891 1490 trecentarum
914 1459 1145 1499 amphorarum
1160 1458 1246 1496 esset,
1263 1458 1407 1495 haberet,

256 1513 310 1539 21,
332 1505 384 1542 63.

209 1561 252 1570 -—
267 1545 455 1583 Terentilia,
475 1555 505 1584 3,
525 1557 555 1586 9.
572 1552 602 1575 et
623 1555 672 1576 10.

209 1589 442 1625 —Trebonia,
463 1598 492 1627 3,
511 1590 563 1628 65.
590 1595 621 1628 5,
644 1598 691 1618 10.

200 1649 251 1660 2-
265 1633 430 1662 Tribunus
454 1631 598 1662 militum
621 1632 677 1663 ubi
694 1631 765 1671 quis
790 1629 904 1668 fuisset,
929 1640 970 1661 ne
994 1631 1101 1670 postea
1121 1630 1273 1660 ordinum
1296 1628 1408 1664 duEmae

253 1675 342 1711 effer,
361 1683 392 1712 7,
411 1685 466 1714 41.

207 1734 252 1753 ς·-
267 1719 471 1749 tribunorum
497 1717 640 1748 miiitum
668 1716 803 1747 comitia
823 1726 864 1747 ne
890 1717 1014 1755 fierent,
1036 1715 1272 1756 consulumque
1295 1717 1407 1756 utique

254 1762 332 1793 alter
348 1772 388 1793 ex
405 1761 497 1803 piebe
512 1767 682 1798 crearetur,
701 1762 730 1794 6,
749 1769 801 1800 35.

207 1821 254 1831 —-
267 1806 432 1843 Tribunis,
449 1804 610 1841 aedilibus,
622 1803 799 1842 judicibus,
815 1802 1004 1834 decemviris
1019 1803 1074 1843 qui
1090 1802 1260 1839 nocuisset,
1277 1809 1314 1833 ut
1335 1802 1406 1844 ejus

255 1857 352 1888 caput
365 1850 435 1879 Jovi
453 1849 579 1878 sacrum
594 1847 680 1885 estet,
700 1857 730 1886 3,
749 1855 802 1887 55.

209 1908 254 1917 -—
269 1892 406 1929 Valeria,
432 1893 470 1921 de
494 1891 721 1931 provocatione
744 1889 889 1920 adversus
904 1888 1103 1928 magistratus
1119 1890 1159 1919 ad
1175 1889 1346 1929 populum,
1361 1889 1407 1919 sa-

255 1936 439 1974 crandoque
456 1944 534 1964 cum
549 1935 643 1964 bonis
668 1934 772 1973 capite
796 1933 876 1971 ejus,
893 1933 947 1973 qui
971 1932 1058 1973 regni
1079 1933 1258 1973 occupandi
1275 1932 1406 1962 confilia

258 1978 374 2014 initiet,
394 1989 424 2013 z,
443 1979 473 2008 8.

212 2038 257 2047 --
271 2022 310 2051 de
327 2021 476 2052 vicetima
493 2019 778 2058 manumissorum,
795 2026 826 2058 7,
847 2021 895 2052 16.

214 2081 258 2088 —
274 2066 313 2095 de
329 2065 474 2094 unciario
488 2064 620 2099 foenore,
638 2062 710 2092 ibid.

212 2124 257 2132 —
272 2109 405 2144 vetusta,
421 2107 528 2147 priscis
543 2106 640 2135 literis
656 2105 819 2144 verbisque
832 2105 958 2143 scripta,
972 2109 1020 2141 ut,
1037 2103 1091 2143 qui
1109 2109 1224 2144 praetor
1240 2103 1407 2136 maximus

259 2151 308 2187 fit,
327 2151 430 2180 idibus
446 2150 688 2190 Septembribus
703 2148 834 2178 clavum
851 2153 981 2187 pangat,
1001 2154 1030 2183 7,
1049 2156 1080 2185 3.

213 2210 255 2217 —
274 2195 431 2229 Voconia,
449 2194 487 2222 de
503 2192 741 2222 haereditatibus
758 2191 944 2227 mulierum,
961 2199 1016 2229 41,
1037 2199 1088 2228 34.

211 2252 256 2261 -
269 2237 450 2274 Voleronis,
464 2243 497 2266 ut
514 2235 628 2276 plebeii
644 2236 841 2274 magistratus
863 2234 984 2264 tributis
1009 2232 1149 2264 comitiis
1164 2233 1288 2272 fierent,
1306 2245 1339 2273 2,
1354 2234 1407 2275 56.

212 2297 257 2303 —
273 2290 312 2310 ne
329 2281 399 2319 quis
415 2281 613 2319 magistratus
630 2278 693 2307 fine
710 2280 934 2317 provocatione
948 2284 1117 2313 crearetur,
1137 2287 1168 2316 3,
1183 2284 1235 2317 55.

214 2339 258 2346 —
274 2333 312 2352 ne
329 2324 380 2354 cui
397 2323 509 2355 album
524 2323 557 2354 in
573 2321 801 2354 vestimentum
817 2320 929 2352 addere
950 2320 1112 2361 petitionis
1128 2321 1233 2353 caussa
1248 2320 1355 2363 licear,
1370 2330 1406 2361 4,

260 2375 312 2407 25·
