1572 2616
188 136 269 189 248
533 151 698 182 mmzx
736 153 791 182 ΙΝ
827 154 873 183 Τ.
898 154 1032 186 mvn

184 228 366 269 Templum
378 230 466 261 Joxn's
480 230 626 270 Vicilini,
642 242 696 273 24,
712 243 766 273 44.

182 272 382 322 —Junonis
397 274 549 312 Laciniae,
567 286 621 314 23,
639 286 692 315 23.
715 287 769 317 24,
786 287 815 316 3.
841 278 894 316 28,
912 279 966 317 46.
993 287 1046 317 30,
1067 287 1118 311 20.
1140 288 1196 318 42,
1214 288 1244 317 3.

184 330 229 339 -—
244 315 390 355 Regmae,
406 327 461 357 40,
478 326 529 357 52.

185 374 230 383 —
243 359 382 391 Junonis
399 361 544 400 Sospitae,
564 370 618 400 31,
636 371 683 392 12.

184 417 230 426 —
244 402 381 433 Matutae
399 405 522 441 matris,
540 412 571 444 5,
592 414 641 443 19.
658 411 689 435 et
707 415 758 444 23.
784 406 816 442 6,
835 415 887 445 33.
904 413 1024 446 24,47.

185 461 231 470 --
245 446 415 483 Minervae,
434 454 464 484 7,
483 457 513 485 3.
536 456 670 483 aereum,
688 457 741 488 35,
758 450 810 487 36.

183 504 228 514 -
243 488 400 520 Minervae
418 490 544 525 Itoniae,
562 491 615 528 36,
635 501 690 523 20.

182 547 228 555 —
242 531 366 562 Nortiae
384 532 522 563 Etruscae
538 534 630 572 Deae,
646 541 677 572 7,
696 544 726 573 3.

183 590 228 598 —
241 574 420 612 Pudicitiae,
443 585 493 613 10,
509 585 562 614 23.

186 633 230 641 —
244 617 330 657 Spei,
346 628 378 656 2,
396 625 449 659 51.
473 628 527 659 24,
543 626 596 659 47.

182 660 364 700 Templum
381 671 479 692 nemo
495 662 641 692 dedicare
656 663 769 702 potest,
787 662 844 693 nifi
861 662 972 694 consul
991 668 1046 694 aut
1063 663 1247 703 imperator,
1265 674 1299 705 9,
1314 664 1368 704 46.

179 703 322 744 Templa
337 704 398 735 suis
414 706 556 735 crinibus
572 712 689 736 matres
706 707 740 736 in
755 706 845 736 lqu
860 712 892 737 et
906 712 997 738 metu
1014 707 1191 746 verrebant,
1208 716 1241 746 3,
1259 714 1289 745 7.

184 760 228 771 —-
241 747 314 778 Diis
330 748 363 778 in
380 748 447 788 ipso
462 748 645 779 discrimine
661 750 796 779 vovendi
813 759 896 787 mos,
917 760 968 787 10,
983 760 1038 790 42.

180 806 225 817 ι-
240 791 365 828 Deum,
382 800 455 830 quae
479 792 691 822 Athenienses
706 793 849 832 pagatim
865 792 1043 833 habebant,
1060 792 1141 824 dirui
1157 799 1253 832 atque
1269 794 1383 823 incen-

227 833 259 863 di
271 833 364 872 jubet
377 834 557 874 Philippus,
575 844 629 873 31,
646 837 697 866 26.

181 892 226 902 ι-
238 877 360 907 Graecis
376 877 475 918 asyla,
495 884 549 917 35,
568 885 620 917 51.

183 919 327 959 Templa
337 920 403 950 duo
421 921 452 950 in
471 921 547 950 orbe
563 920 765 958 tanffiffima,
782 920 918 961 Delphis
933 926 963 951 et
982 921 1216 959 Samothracae,
1228 929 1283 960 45,
1301 928 1330 960 5.

183 963 334 1003 Templis
352 963 532 1003 insignibus
554 965 653 994 etiarn
677 964 786 1004 aliqua
805 964 962 995 miracula
983 964 1197 1004 affinguntur,
1216 974 1270 1004 24,
1283 974 1312 1003 3.
1331 974 1387 1005 29,

226 1008 258 1037 8.
271 1012 303 1036 et
321 1008 371 1037 18.

183 1064 225 1071 ——
240 1049 365 1086 Defim,
382 1049 466 1079 Alba
482 1050 598 1086 diruta,
615 1056 845 1090 temperatum,
867 1060 896 1087 r,
914 1060 966 1090 29.

179 1091 334 1132 Tempsa,
346 1102 398 1133 34,
407 1101 459 1133 45.
467 1093 643 1132 Tempsam
655 1094 783 1124 colonia
792 1094 915 1124 civium
926 1094 1150 1124 Romanorum
1160 1091 1386 1131 dedufitafibid.

179 1135 382 1175 Tempsanus
398 1146 471 1175 ager
485 1136 524 1166 de
541 1137 668 1166 Bruttiis
685 1144 812 1176 captus,
830 1146 882 1177 34,
896 1145 950 1177 45.
1408 1130 1411 1134 ’

183 1178 423 1218 Tempyrorum
435 1180 602 1218 angustiae,
621 1181 675 1217 38,
692 1188 746 1218 41·

182 1220 332 1251 Tenffleri
350 1231 427 1261 pop.
447 1222 530 1260 Epit.
550 1223 620 1259 138.

181 1264 350 1301 Tendeba,
365 1264 456 1295 locus
473 1265 506 1294 in
523 1273 597 1304 agro
614 1263 854 1303 Stratonicensi,
871 1273 925 1304 33,
946 1264 997 1296 18.

180 1305 346 1344 Tenedus,
362 1317 416 1346 31,
435 1309 484 1339 16.
508 1317 563 1346 44,
583 1308 634 1339 28.

181 1349 375 1381 Tentorium
390 1351 483 1381 suum
497 1352 616 1390 cuique
633 1350 730 1380 militi
745 1350 863 1381 domus
878 1358 916 1380 ac
932 1355 1064 1390 penates
1078 1348 1164 1386 sunt,
1181 1356 1240 1388 44,
1258 1356 1310 1387 39-

181 1392 307 1430 Tenus,
325 1393 427 1423 insula
444 1400 475 1423 et
490 1394 578 1431 urbs,
596 1395 650 1431 36,
668 1403 720 1424 21.

181 1435 219 1467 C.
234 1435 430 1466 Terentilius
443 1436 532 1474 Arsa,
547 1436 694 1467 tribunus
710 1435 826 1475 plebis,
843 1434 1027 1466 absentibus
1043 1432 1241 1471 consulibus,
1258 1434 1291 1463 in
1307 1442 1387 1463 con-

223 1478 325 1509 sulare
341 1479 516 1519 imperium
531 1479 618 1519 apud
633 1479 761 1519 plebem
776 1479 952 1516 invehitur,
971 1488 1002 1517 3,
1021 1487 1051 1517 9.
1064 1477 1170 1516 legem
1185 1476 1384 1517 promulgat,

226 1527 266 1593 tit
278 1522 422 1562 quinque
438 1523 495 1552 viri
512 1529 658 1553 creentur
681 1522 806 1562 legibus
821 1523 860 1553 de
876 1522 1012 1562 imperio
1025 1520 1184 1552 consulari
1200 1519 1386 1554 scribendis,

224 1563 236 1592 i
256 1564 298 1594 id.

180 1606 356 1636 Terentina
371 1606 471 1637 tribus
488 1606 607 1643 addita,
625 1616 676 1643 10,
691 1618 722 1646 9.

181 1649 223 1680 A.
247 1650 418 1679 Terentius
438 1650 548 1686 Varro,
574 1650 614 1678 ad
640 1649 886 1680 custodiendum
910 1649 967 1679 iter
991 1647 1171 1687 legatorum
1197 1645 1382 1677 AEtolorum

225 1691 351 1730 missus,
367 1700 487 1732 37,49,
510 1698 634 1721 creatur
656 1698 782 1731 praetor,
801 1702 855 1732 39,
875 1702 926 1730 32.
951 1691 1076 1721 sortitur
1100 1690 1290 1730 Hispaniam
1307 1690 1386 1719 cite·

224 1735 355 1771 riorem,
375 1735 425 1773 38.
448 1735 517 1772 ejus
533 1745 580 1765 res
595 1736 702 1774 gestae,
719 1744 774 1774 41.
791 1742 819 1764 et
837 1736 888 1775 56.
905 1734 971 1765 vid.
986 1740 1013 1763 et
1028 1742 1084 1773 40,
1103 1744 1132 1765 2.
1157 1742 1257 1763 ovans
1270 1732 1385 1762 urbem

225 1777 413 1817 ingreditur,
434 1778 483 1808 16.

181 1820 223 1851 A.
240 1820 410 1851 Terentius
426 1820 537 1857 Varro,
563 1819 688 1858 legatus
712 1821 751 1850 ad
774 1820 946 1857 Gentium,
970 1818 1156 1859 Illyriorum
1179 1826 1301 1857 regem,
1327 1827 1383 1857 42,

227 1865 279 1895 26.
296 1863 330 1893 in
347 1863 590 1899 Macedoniam,
606 1871 661 1902 45,
682 1871 730 1900 17.

181 1906 222 1937 C.
235 1906 409 1937 Terentius
424 1907 534 1942 Varro,
553 1907 670 1935 humili
700 1912 731 1936 et
754 1905 878 1935 sordido
892 1904 966 1935 loco
994 1911 1102 1941 natm,
1123 1903 1228 1934 suasor
1250 1902 1329 1943 legis
1345 1902 1384 1933 de

223 1949 386 1988 aequando
403 1949 542 1987 magistri
559 1950 707 1987 equiturn
724 1956 755 1978 et
771 1948 932 1978 difflatoris
944 1947 1029 1984 jure,
1046 1952 1171 1977 creatur
1186 1946 1312 1982 consul,
1328 1955 1381 1981 22,

226 1999 277 2031 25.
296 1998 328 2021 et
346 1999 397 2031 35.
413 1992 587 2021 conciones
603 1991 722 2021 multas
738 2001 774 2020 ac
790 1992 910 2020 seroces
925 1990 1036 2027 habet,
1055 1991 1107 2028 38.
1124 1989 1193 2027 ejus
1209 1995 1240 2018 et
1253 1988 1380 2018 AEmilii

225 2034 358 2074 collegae
381 2034 545 2071 discordia,
562 2043 701 2073 41—44.
727 2033 852 2073 signum
869 2041 987 2072 pugnae
1009 2033 1048 2062 ad
1071 2032 1200 2062 Cannas
1217 2031 1381 2070 proponit,

223 2085 279 2117 45.
303 2078 384 2116 fugit
400 2076 586 2113 Venusiam,
601 2085 654 2116 49.
684 2077 721 2106 C.
737 2077 888 2106 Terentio
917 2075 1062 2110 Varroni,
1080 2074 1223 2104 redeunti
1248 2082 1266 2103 a
1291 2072 1382 2102 clade

225 2119 397 2156 Cannensi,
413 2120 542 2149 obviam
560 2120 642 2148 itum
670 2120 711 2149 ab
737 2118 888 2148 omnibus
904 2117 1081 2153 ordinibus,
1098 2117 1151 2146 61.
1173 2115 1242 2154 ejus
1269 2115 1308 2144 ad
1335 2115 1380 2144 le-

223 2169 313 2202 gatos
340 2163 524 2201 Campanos
548 2163 661 2198 oratio,
680 2171 732 2200 23,
750 2169 779 2201 5.
803 2159 985 2200 proconsul,
1009 2159 1141 2196 jubetur
1163 2158 1280 2188 Piceno
1303 2167 1379 2197 agro

223 2205 367 2245 praefidio
382 2206 454 2242 esse,
472 2215 525 2243 32.
541 2205 568 2234 ei
586 2214 641 2243 per
655 2214 769 2234 omnes
786 2213 887 2233 annos
904 2203 971 2242 post
986 2202 1098 2241 fugam
1110 2202 1151 2231 ab
1162 2201 1284 2231 Cannis
1305 2210 1377 2240 pro-

225 2255 372 2288 rogatum
397 2249 583 2287 imperium,
602 2256 655 2286 25,
673 2249 701 2278 6.
726 2252 898 2286 propraetor
914 2246 946 2275 in
970 2245 1130 2275 Etruriam
1153 2244 1305 2280 mittitur,
1321 2250 1375 2279 27,

227 2298 280 2331 35.
303 2290 427 2329 legatus
451 2291 588 2320 mittitur
610 2290 650 2319 ad
675 2290 873 2329 Philippum,
891 2298 944 2326 3ο,
962 2287 1015 2318 26.
1037 2287 1160 2326 legatus
1184 2287 1215 2316 in
1234 2287 1377 2316 Africam

223 2334 375 2370 mittitur,
395 2343 446 2371 31,
468 2342 516 2363 11.
540 2333 688 2363 triumvir
702 2340 825 2363 creatur
847 2331 888 2362 ad
903 2330 1120 2370 supplendum
1135 2328 1306 2361 Venusinis
1322 2338 1377 2360 co·-

224 2376 376 2407 lonorum
391 2385 579 2413 numerum,
597 2384 651 2414 49.
