1572 2616
225 162 305 204 168
567 173 734 203 mnax
768 174 824 202 IN
858 175 904 203 T.
936 175 1071 204 mvn

218 253 326 294 Oppia
341 252 393 284 lex
408 253 448 284 de
463 252 554 284 cultu
572 261 807 291 matronarum,
825 264 879 296 34,
900 264 926 285 1.
951 264 1007 294 pro
1030 264 1067 284 ea
1089 255 1190 285 oratio
1207 254 1256 286 Μ.
1272 256 1416 294 Catonis,

263 297 414 335 consulis,
438 308 467 329 2.
491 297 637 328 adversus
662 308 736 329 eam
762 300 862 329 oratio
886 299 922 329 L.
938 298 1069 335 Valerii,
1098 299 1218 329 tribuni
1246 299 1360 339 plebis,
1385 308 1416 340 5.

262 341 443 380 abrogatur,
461 343 490 371 8.

218 384 256 415 C.
273 384 398 424 Oppius
414 384 563 421 tribunus
579 384 680 423 plebis
697 391 833 422 creatus,
850 395 880 423 3,
900 392 951 425 54.

218 428 255 458 C.
274 428 412 470 Oppius,
438 427 602 468 praefectus
629 427 767 465 socium,
795 428 917 459 invadit
940 428 1151 459 tumultuaria
1174 438 1275 459 manu
1302 438 1417 468 agrum

263 471 430 508 Boioru'm,
449 481 502 509 31,
524 480 552 500 2.
577 472 818 502 circumventus
834 481 853 502 a
869 473 966 510 Boiis,
984 473 1130 509 caeditur,
1146 472 1219 502 ibid.

217 514 254 544 C.
270 515 408 554 Oppius,
425 515 573 544 tribunus
591 514 706 554 plebis,
725 525 777 556 34,
797 525 825 546 1.

217 557 254 588 L.
271 558 409 598 Oppius,
426 558 575 588 tribunus
592 558 706 598 plebis,
727 568 780 597 32,
799 559 850 590 28.

217 601 252 631 L.
275 601 401 641 Oppius
427 601 595 635 Salinator,
620 603 688 642 post
711 602 899 633 aedilitatem
922 601 1036 642 plebis,
1061 601 1095 631 in
1118 601 1262 632 Siciliam
1287 600 1418 632 classem

260 645 390 684 triginta
406 646 541 676 navium
557 646 673 676 ducere
685 645 828 685 jubetur,
847 653 900 686 35,
917 656 971 684 23.
994 651 1117 676 creatur
1134 651 1261 685 praetor,
1280 654 1331 685 24.
1356 645 1418 675 sor·

259 689 336 718 titur
353 689 547 726 Sardiniam,
564 690 618 727 36,
638 699 667 720 2.

217 731 267 762 M.
284 732 419 772 Oppius,
437 733 470 762 in
486 732 653 762 seceffione
677 731 835 770 rnilitum,
852 741 931 763 cum
955 731 1029 763 Sex.
1047 731 1185 762 Manilio
1208 731 1345 762 summae
1369 741 1418 762 re-

261 784 334 805 rum
352 776 474 815 praeest,
493 785 525 814 3,
544 782 597 814 51.

216 819 272 858 Sp.
289 819 414 858 Oppius
429 819 589 849 Cornicen
613 818 774 849 decemvir
798 825 935 856 creatur,
955 828 985 857 3,
1002 827 1054 859 35.
1078 818 1266 849 decemviris
1289 817 1358 848 aliis
1374 818 1415 848 ad

259 861 384 892 bellurn
407 862 682 901 proficiscentibus
698 863 760 902 Ap.
778 862 914 893 Claudio
929 862 1054 900 adjutor
1070 862 1111 891 ad
1126 862 1239 891 urbem
1259 862 1414 892 tuendam

257 905 364 941 datur,
381 915 434 944 41.
451 911 488 935 ut
504 905 664 935 auxilium
686 905 818 945 eollegae
834 906 924 941 ferat,
942 906 974 935 in
991 906 1098 936 forum
1114 906 1275 944 irrumpit,
1292 915 1346 945 49.
1371 905 1416 934 se-

258 954 374 978 natum
393 949 502 982 habet,
519 955 570 988 50.
595 949 774 986 accusatur,
793 950 844 989 58.
869 949 954 979 testis
978 949 1012 979 in
1039 958 1115 978 eum
1139 948 1324 988 productus,
1340 948 1413 978 ibid.
1456 966 1463 985 ,ι

259 992 397 1031 Oppius,
412 991 445 1021 in
460 991 592 1021 vincula
607 991 734 1029 ductus,
751 991 807 1022 fibi
825 1002 942 1023 manus
958 993 1064 1029 infert,
1082 991 1153 1023 ibid.

215 1036 397 1074 Oppidum,
415 1045 484 1074 pars
501 1035 588 1065 urbis
605 1035 733 1073 Romae,
750 1045 806 1075 42,
824 1046 876 1067 20.

214 1079 320 1118 Opus,
336 1078 410 1108 urbs
426 1078 579 1116 Locridis,
596 1079 722 1119 capitur
737 1088 774 1109 ac
790 1079 936 1119 diripitur
956 1078 996 1109 ab
1020 1078 1144 1116 Attalo,
1162 1079 1213 1112 28,
1231 1086 1258 1116 7.
1283 1078 1414 1118 Opunte

259 1122 382 1158 seditio,
401 1131 452 1160 32,
472 1131 523 1160 32.

213 1165 435 1204 Opuntiorum
451 1164 645 1204 emporium,
661 1164 771 1205 Cynus
786 1165 939 1203 Locridis,
952 1166 1006 1203 28,
1024 1165 1055 1195 6.

214 1209 279 1238 Ora
292 1218 347 1248 pro
363 1209 440 1238 fune
456 1208 600 1244 nautico,
619 1218 672 1244 22,
694 1218 745 1249 19,
769 1210 822 1245 28,
841 1210 893 1247 36.

213 1251 392 1281 Oraculum
410 1251 571 1290 Apollinis
588 1251 627 1281 ad
644 1251 765 1281 Hieran
781 1252 920 1288 Comen,
939 1253 992 1290 38,
1014 1261 1063 1290 13.

212 1311 256 1317 -
271 1294 485 1333 Delphicum,
506 1304 535 1331 1,
551 1295 601 1334 56.
628 1302 659 1334 5,
680 1304 729 1335 15.
754 1305 808 1337 29,
829 1304 877 1326 10.
895 1301 925 1324 et
947 1304 994 1325 11.
1019 1305 1074 1335 41,
1093 1303 1145 1331 27.

212 1354 257 1360 —
271 1338 429 1368 Dodonaei
446 1338 547 1373 Jovis‚
564 1339 595 1374 8,
614 1348 665 1377 24.

213 1381 324 1411 Oratio
339 1380 434 1410 Acilii
451 1380 646 1414 Glabrionis,
663 1380 816 1418 consulis,
833 1381 873 1411 ad
890 1381 1022 1419 milites,
1042 1382 1094 1420 36,
1113 1388 1163 1419 17·

211 1441 256 1447 —-
271 1424 398 1454 AEmilii
416 1424 585 1460 Mamerci,
601 1434 634 1463 4,
652 1434 704 1462 32.

211 1484 254 1489 —-
271 1467 398 1497 AEmilii
416 1467 529 1504 Paulli,
543 1467 682 1505 jamjam
699 1467 858 1504 morituri,
875 1478 926 1505 22,
944 1477 998 1508 49.

211 1527 256 1533 ——
275 1510 398 1540 AEmilii
423 1510 538 1547 Paulli,
564 1510 717 1547 consulis,
733 1520 789 1550 44,
808 1521 860 1541 22.
879 1520 931 1551 34.
947 1518 979 1541 et
996 1512 1047 1550 38.
1071 1511 1111 1540 ad
1134 1509 1252 1546 Persea,
1269 1518 1347 1539 mox
1369 1509 1410 1539 ad

255 1555 340 1591 suos,
355 1560 410 1593 45,
429 1555 458 1584 8.
483 1553 557 1590 alia,
580 1563 645 1593 qua
666 1553 782 1584 liberos
804 1554 865 1584 effe
882 1554 975 1592 jubet
990 1554 1200 1591 Macedones,
1219 1562 1270 1591 29.
1294 1552 1334 1583 de
1350 1561 1409 1591 pu·

253 1597 338 1626 blica
355 1598 474 1636 suaque
490 1597 630 1631 fortuna,
646 1606 700 1635 41.

207 1657 254 1664 —
268 1639 454 1670 AEtolorum
471 1648 582 1669 contra
598 1639 777 1676 Romanos,
796 1649 849 1678 31,
870 1651 921 1681 29.

209 1700 254 1706 —
269 1683 443 1713 Alexandri
461 1683 651 1718 Ammants,
671 1691 723 1722 35,
743 1684 792 1713 18.

207 1743 252 1750 ——
266 1726 438 1756 Alexandri
456 1725 556 1755 AEtoli
574 1726 607 1755 in
627 1726 825 1766 Philippum,
844 1736 898 1766 32,
918 1735 968 1765 33.

206 1786 251 1793 --
265 1769 373 1800 Alorci
389 1770 427 1799 ad
442 1770 649 1808 Saguntinos,
670 1779 721 1806 21,
743 1780 792 1808 13.

206 1830 250 1836 —
266 1813 488 1842 Andranodori
506 1813 545 1842 ad
563 1813 789 1852 Syracusanos,
807 1821 860 1852 24,
880 1822 931 1844 22.

205 1872 250 1879 --
265 1856 434 1886 Annibalis
452 1856 490 1885 ad
507 1855 638 1892 milites,
658 1865 710 1892 21,
729 1865 779 1887 21.
796 1863 826 1886 et
842 1866 895 1895 43.
922 1865 976 1894 23,
991 1862 1045 1895 45.
1071 1855 1109 1884 ad
1131 1855 1331 1894 Scipionem,
1349 1862 1403 1893 30,

252 1908 303 1937 30.
327 1900 367 1929 ad
391 1899 538 1929 senatum
563 1898 872 1938 Carthaginiensem,
900 1909 951 1939 34.
975 1899 1015 1928 ad
1037 1899 1254 1935 Antiochum,
1282 1905 1334 1938 35,
1355 1907 1404 1937 19.

252 1942 302 1980 36,
322 1950 350 1979 7.
375 1948 551 1981 antequam
566 1951 729 1972 venenum
748 1943 895 1980 sumeret,
915 1953 967 1981 39,
986 1950 1038 1982 51.

205 2001 249 2008 —
266 1985 364 2015 Annii
387 1985 501 2022 Setini,
526 1986 666 2024 praetoris
693 1986 894 2023 Latinorum,
912 1987 943 2023 8,
960 1996 991 2025 4.
1016 1986 1048 2014 in
1065 1985 1173 2014 senatu
1190 1984 1351 2019 Romano,
1369 1990 1402 2022 5.

205 2045 249 2051 —
264 2029 419 2058 Antiochi
444 2029 476 2058 in
497 2028 636 2058 concilio
653 2028 852 2066 AEtolorum‚
873 2037 925 2069 35,
942 2038 996 2068 44.
1019 2028 1113 2067 legati
1130 2027 1198 2066 ejus
1215 2027 1247 2056 in
1264 2025 1403 2059 concilio

249 2072 460 2107 Achaeorum‚
476 2072 530 2110 48.

206 2130 250 2137 —
266 2114 482 2153 Apollonidae,
501 2124 554 2153 24,
573 2115 622 2144 28.

203 2174 246 2180 —
264 2158 400 2187 Arconis
415 2163 525 2186 contra
541 2157 761 2195 Callicratem,
777 2167 833 2197 41,
853 2166 904 2196 29.

201 2216 245 2222 —
261 2201 407 2230 Aristaeni
424 2201 456 2229 in
474 2201 612 2229 concilio
627 2202 836 2237 Achaeorum,
854 2210 907 2238 32,
925 2209 976 2231 20.
989 2206 1020 2229 et
1036 2208 1090 2230 21.

202 2259 247 2265 —
262 2244 454 2282 Astymedis,
472 2243 674 2273 Rhodiorum
688 2243 797 2283 legati,
814 2251 867 2283 45,
884 2253 935 2274 21.

202 2302 247 2309 —
261 2286 508 2316 Atheniensium
530 2286 723 2326 legatorum,
748 2296 802 2326 31,
821 2296 872 2325 30.
898 2287 932 2317 in
956 2286 1094 2317 concilio
1117 2286 1325 2324 Panaetolico,
1345 2296 1397 2327 35,

252 2338 304 2366 32.

202 2388 247 2396 --
260 2371 357 2402 Baebii
374 2371 528 2402 Herennii
545 2373 577 2402 in
595 2372 731 2411 nobiles,
750 2383 802 2410 22,
817 2383 868 2413 34.

198 2431 244 2438 —
260 2415 300 2446 9.
317 2415 438 2445 Caecilii
456 2415 580 2446 Metelli
596 2417 635 2446 ad
652 2417 807 2454 censores,
823 2427 878 2456 40,
895 2419 949 2457 46.
