<?xml version="1.0" encoding="UTF-8"?>
<!DOCTYPE html PUBLIC "-//W3C//DTD XHTML 1.0 Transitional//EN"
    "http://www.w3.org/TR/xhtml1/DTD/xhtml1-transitional.dtd">
<html xmlns="http://www.w3.org/1999/xhtml" xml:lang="en" lang="en">
 <head>
  <title>
</title>
<meta http-equiv="Content-Type" content="text/html;charset=utf-8" />
  <meta name='ocr-system' content='tesseract 3.04.00' />
  <meta name='ocr-capabilities' content='ocr_page ocr_carea ocr_par ocr_line ocrx_word'/>
</head>
<body>
  <div class='ocr_page' id='page_1' title='image "./historiarumquaes05livyuoft_0285.png"; bbox 0 0 1572 2616; ppageno 0'>
   <div class='ocr_carea' id='block_1_1' title="bbox 430 180 1327 237">
    <p class='ocr_par' dir='ltr' id='par_1_1' title="bbox 430 180 1327 237">
     <span class='ocr_line' id='line_1_1' title="bbox 430 180 1327 237; baseline -0.007 -10"><span class='ocrx_word' id='word_1_1' title='bbox 430 194 801 227; x_wconf 76' lang='lat' dir='ltr'>ms&#39;roruARuM</span> <span class='ocrx_word' id='word_1_2' title='bbox 837 192 1041 224; x_wconf 73' lang='lat' dir='ltr'><strong>LIBROS·</strong></span> <span class='ocrx_word' id='word_1_3' title='bbox 1245 180 1327 237; x_wconf 79' lang='lat'>265</span> 
     </span>
    </p>
   </div>
   <div class='ocr_carea' id='block_1_2' title="bbox 140 269 1353 1264">
    <p class='ocr_par' dir='ltr' id='par_1_2' title="bbox 140 269 1333 404">
     <span class='ocr_line' id='line_1_2' title="bbox 140 269 1331 314; baseline -0.009 -2"><span class='ocrx_word' id='word_1_4' title='bbox 140 280 255 313; x_wconf 86' lang='lat' dir='ltr'>Veneti</span> <span class='ocrx_word' id='word_1_5' title='bbox 279 279 312 310; x_wconf 91' lang='lat' dir='ltr'>in</span> <span class='ocrx_word' id='word_1_6' title='bbox 336 276 428 309; x_wconf 86' lang='lat' dir='ltr'>ltalia</span> <span class='ocrx_word' id='word_1_7' title='bbox 449 277 490 308; x_wconf 89' lang='lat' dir='ltr'>ab</span> <span class='ocrx_word' id='word_1_8' title='bbox 513 277 648 308; x_wconf 87' lang='lat' dir='ltr'>Henetis</span> <span class='ocrx_word' id='word_1_9' title='bbox 669 282 701 307; x_wconf 87' lang='lat' dir='ltr'>et</span> <span class='ocrx_word' id='word_1_10' title='bbox 717 273 866 314; x_wconf 85' lang='lat' dir='ltr'>Trojanis</span> <span class='ocrx_word' id='word_1_11' title='bbox 887 273 1026 311; x_wconf 92' lang='lat' dir='ltr'>oriundi,</span> <span class='ocrx_word' id='word_1_12' title='bbox 1047 282 1077 311; x_wconf 88' lang='lat'>1,</span> <span class='ocrx_word' id='word_1_13' title='bbox 1097 280 1125 303; x_wconf 89' lang='lat'>1.</span> <span class='ocrx_word' id='word_1_14' title='bbox 1148 269 1256 303; x_wconf 86' lang='lat' dir='ltr'>finum</span> <span class='ocrx_word' id='word_1_15' title='bbox 1271 272 1331 302; x_wconf 87' lang='lat' dir='ltr'>cir-</span> 
     </span>
     <span class='ocr_line' id='line_1_3' title="bbox 183 314 1333 360; baseline -0.006 -7"><span class='ocrx_word' id='word_1_16' title='bbox 183 321 377 354; x_wconf 88' lang='lat' dir='ltr'>cumcolunt</span> <span class='ocrx_word' id='word_1_17' title='bbox 399 321 496 351; x_wconf 84' lang='lat' dir='ltr'>maris</span> <span class='ocrx_word' id='word_1_18' title='bbox 521 320 689 358; x_wconf 80' lang='lat' dir='ltr'>Adriatici,</span> <span class='ocrx_word' id='word_1_19' title='bbox 703 326 736 360; x_wconf 84' lang='lat'>5,</span> <span class='ocrx_word' id='word_1_20' title='bbox 753 328 805 358; x_wconf 88' lang='lat'>33.</span> <span class='ocrx_word' id='word_1_21' title='bbox 828 317 894 349; x_wconf 83' lang='lat' dir='ltr'>vid.</span> <span class='ocrx_word' id='word_1_22' title='bbox 918 323 945 348; x_wconf 85' lang='lat' dir='ltr'>et</span> <span class='ocrx_word' id='word_1_23' title='bbox 971 326 1024 355; x_wconf 91' lang='lat'>10,</span> <span class='ocrx_word' id='word_1_24' title='bbox 1048 326 1078 349; x_wconf 91' lang='lat'>2.</span> <span class='ocrx_word' id='word_1_25' title='bbox 1102 314 1291 356; x_wconf 84' lang='lat' dir='ltr'>subiguntur</span> <span class='ocrx_word' id='word_1_26' title='bbox 1312 324 1333 346; x_wconf 81' lang='lat' dir='ltr'>a</span> 
     </span>
     <span class='ocr_line' id='line_1_4' title="bbox 185 365 510 404; baseline -0.009 -7"><span class='ocrx_word' id='word_1_27' title='bbox 185 365 320 403; x_wconf 82' lang='lat' dir='ltr'>Caesare,</span> <span class='ocrx_word' id='word_1_28' title='bbox 338 365 421 404; x_wconf 88' lang='lat' dir='ltr'>Epit.</span> <span class='ocrx_word' id='word_1_29' title='bbox 438 373 510 403; x_wconf 88' lang='lat'>104.</span> 
     </span>
    </p>

    <p class='ocr_par' dir='ltr' id='par_1_3' title="bbox 142 409 432 447">
     <span class='ocr_line' id='line_1_5' title="bbox 142 409 432 447; baseline -0.007 -8"><span class='ocrx_word' id='word_1_30' title='bbox 142 409 290 445; x_wconf 86' lang='lat' dir='ltr'>Venetia,</span> <span class='ocrx_word' id='word_1_31' title='bbox 306 417 361 447; x_wconf 82' lang='lat'>41,</span> <span class='ocrx_word' id='word_1_32' title='bbox 379 417 432 446; x_wconf 86' lang='lat'>32.</span> 
     </span>
    </p>

    <p class='ocr_par' dir='ltr' id='par_1_4' title="bbox 142 450 566 490">
     <span class='ocr_line' id='line_1_6' title="bbox 142 450 566 490; baseline -0.007 -8"><span class='ocrx_word' id='word_1_33' title='bbox 142 452 177 482; x_wconf 91' lang='lat' dir='ltr'>P.</span> <span class='ocrx_word' id='word_1_34' title='bbox 194 451 375 487; x_wconf 87' lang='lat' dir='ltr'>Ventidius,</span> <span class='ocrx_word' id='word_1_35' title='bbox 393 450 477 490; x_wconf 90' lang='lat' dir='ltr'>Epit.</span> <span class='ocrx_word' id='word_1_36' title='bbox 494 456 566 486; x_wconf 87' lang='lat'>127.</span> 
     </span>
    </p>

    <p class='ocr_par' dir='ltr' id='par_1_5' title="bbox 143 492 746 532">
     <span class='ocr_line' id='line_1_7' title="bbox 143 492 746 532; baseline -0.007 -7"><span class='ocrx_word' id='word_1_37' title='bbox 143 494 326 525; x_wconf 86' lang='lat' dir='ltr'>Ventorum</span> <span class='ocrx_word' id='word_1_38' title='bbox 340 500 431 523; x_wconf 80' lang='lat' dir='ltr'>atrox</span> <span class='ocrx_word' id='word_1_39' title='bbox 446 492 628 532; x_wconf 84' lang='lat' dir='ltr'>tempestas,</span> <span class='ocrx_word' id='word_1_40' title='bbox 641 500 697 531; x_wconf 88' lang='lat'>40,</span> <span class='ocrx_word' id='word_1_41' title='bbox 716 501 746 522; x_wconf 92' lang='lat'>2.</span> 
     </span>
    </p>

    <p class='ocr_par' dir='ltr' id='par_1_6' title="bbox 144 532 1046 574">
     <span class='ocr_line' id='line_1_8' title="bbox 144 532 1046 574; baseline -0.006 -7"><span class='ocrx_word' id='word_1_42' title='bbox 144 537 272 568; x_wconf 85' lang='lat' dir='ltr'>Ventris</span> <span class='ocrx_word' id='word_1_43' title='bbox 286 543 318 567; x_wconf 88' lang='lat' dir='ltr'>et</span> <span class='ocrx_word' id='word_1_44' title='bbox 332 542 511 567; x_wconf 89' lang='lat' dir='ltr'>ceterorum</span> <span class='ocrx_word' id='word_1_45' title='bbox 526 534 748 565; x_wconf 87' lang='lat' dir='ltr'>membrorum</span> <span class='ocrx_word' id='word_1_46' title='bbox 763 532 928 574; x_wconf 84' lang='lat' dir='ltr'>apologus,</span> <span class='ocrx_word' id='word_1_47' title='bbox 945 543 977 570; x_wconf 91' lang='lat'>2,</span> <span class='ocrx_word' id='word_1_48' title='bbox 995 541 1046 572; x_wconf 85' lang='lat'>32.</span> 
     </span>
    </p>

    <p class='ocr_par' dir='ltr' id='par_1_7' title="bbox 142 572 1338 660">
     <span class='ocr_line' id='line_1_9' title="bbox 142 572 1338 618; baseline -0.004 -7"><span class='ocrx_word' id='word_1_49' title='bbox 142 580 266 617; x_wconf 89' lang='lat' dir='ltr'>Venus,</span> <span class='ocrx_word' id='word_1_50' title='bbox 287 588 337 617; x_wconf 88' lang='lat'>10,</span> <span class='ocrx_word' id='word_1_51' title='bbox 355 588 407 618; x_wconf 87' lang='lat'>31.</span> <span class='ocrx_word' id='word_1_52' title='bbox 429 578 497 616; x_wconf 82' lang='lat' dir='ltr'>ejus</span> <span class='ocrx_word' id='word_1_53' title='bbox 512 578 598 608; x_wconf 86' lang='lat' dir='ltr'>aedes</span> <span class='ocrx_word' id='word_1_54' title='bbox 612 586 711 617; x_wconf 87' lang='lat' dir='ltr'>prope</span> <span class='ocrx_word' id='word_1_55' title='bbox 725 578 864 614; x_wconf 86' lang='lat' dir='ltr'>circum,</span> <span class='ocrx_word' id='word_1_56' title='bbox 885 576 958 607; x_wconf 82' lang='lat' dir='ltr'>ibid.</span> <span class='ocrx_word' id='word_1_57' title='bbox 973 575 1056 607; x_wconf 76' lang='lat' dir='ltr'>faCta</span> <span class='ocrx_word' id='word_1_58' title='bbox 1070 584 1112 607; x_wconf 84' lang='lat' dir='ltr'>ex</span> <span class='ocrx_word' id='word_1_59' title='bbox 1126 583 1188 606; x_wconf 85' lang='lat' dir='ltr'>aere</span> <span class='ocrx_word' id='word_1_60' title='bbox 1202 572 1338 606; x_wconf 56' lang='lat' dir='ltr'>muleta-</span> 
     </span>
     <span class='ocr_line' id='line_1_10' title="bbox 187 619 964 660; baseline -0.003 -7"><span class='ocrx_word' id='word_1_61' title='bbox 187 623 265 653; x_wconf 87' lang='lat' dir='ltr'>ticio</span> <span class='ocrx_word' id='word_1_62' title='bbox 280 628 502 653; x_wconf 89' lang='lat' dir='ltr'>matronarum</span> <span class='ocrx_word' id='word_1_63' title='bbox 518 621 616 660; x_wconf 85' lang='lat' dir='ltr'>stupri</span> <span class='ocrx_word' id='word_1_64' title='bbox 631 621 872 657; x_wconf 90' lang='lat' dir='ltr'>damnatarum,</span> <span class='ocrx_word' id='word_1_65' title='bbox 890 619 964 651; x_wconf 82' lang='lat' dir='ltr'>ibid.</span> 
     </span>
    </p>

    <p class='ocr_par' dir='ltr' id='par_1_8' title="bbox 144 663 997 704">
     <span class='ocr_line' id='line_1_11' title="bbox 144 663 997 704; baseline -0.002 -8"><span class='ocrx_word' id='word_1_66' title='bbox 144 664 261 696; x_wconf 89' lang='lat' dir='ltr'>Veneri</span> <span class='ocrx_word' id='word_1_67' title='bbox 277 671 310 696; x_wconf 92' lang='lat' dir='ltr'>et</span> <span class='ocrx_word' id='word_1_68' title='bbox 324 665 422 696; x_wconf 83' lang='lat' dir='ltr'>Marti</span> <span class='ocrx_word' id='word_1_69' title='bbox 438 663 587 704; x_wconf 88' lang='lat' dir='ltr'>pulvinar</span> <span class='ocrx_word' id='word_1_70' title='bbox 602 664 636 694; x_wconf 94' lang='lat' dir='ltr'>in</span> <span class='ocrx_word' id='word_1_71' title='bbox 651 663 853 701; x_wconf 67' lang='lat' dir='ltr'>lectisternio,</span> <span class='ocrx_word' id='word_1_72' title='bbox 872 672 926 702; x_wconf 85' lang='lat'>22,</span> <span class='ocrx_word' id='word_1_73' title='bbox 947 672 997 694; x_wconf 92' lang='lat'>10.</span> 
     </span>
    </p>

    <p class='ocr_par' dir='ltr' id='par_1_9' title="bbox 142 707 559 748">
     <span class='ocr_line' id='line_1_12' title="bbox 142 707 559 748; baseline -0.002 -9"><span class='ocrx_word' id='word_1_74' title='bbox 142 708 255 739; x_wconf 88' lang='lat' dir='ltr'>Venus</span> <span class='ocrx_word' id='word_1_75' title='bbox 271 707 439 746; x_wconf 89' lang='lat' dir='ltr'>Cloacina,</span> <span class='ocrx_word' id='word_1_76' title='bbox 458 717 490 747; x_wconf 88' lang='lat'>3,</span> <span class='ocrx_word' id='word_1_77' title='bbox 503 708 559 748; x_wconf 89' lang='lat'>48.</span> 
     </span>
    </p>

    <p class='ocr_par' dir='ltr' id='par_1_10' title="bbox 145 746 1343 834">
     <span class='ocr_line' id='line_1_13' title="bbox 145 746 1341 793; baseline -0.005 -10"><span class='ocrx_word' id='word_1_78' title='bbox 145 752 256 783; x_wconf 91' lang='lat' dir='ltr'>Venus</span> <span class='ocrx_word' id='word_1_79' title='bbox 273 751 422 793; x_wconf 88' lang='lat' dir='ltr'>Erycina,</span> <span class='ocrx_word' id='word_1_80' title='bbox 444 760 499 788; x_wconf 91' lang='lat'>22,</span> <span class='ocrx_word' id='word_1_81' title='bbox 515 763 545 793; x_wconf 88' lang='lat'>9.</span> <span class='ocrx_word' id='word_1_82' title='bbox 570 748 639 788; x_wconf 88' lang='lat' dir='ltr'>ejus</span> <span class='ocrx_word' id='word_1_83' title='bbox 662 750 746 781; x_wconf 81' lang='lat' dir='ltr'>aedes</span> <span class='ocrx_word' id='word_1_84' title='bbox 773 749 936 780; x_wconf 87' lang='lat' dir='ltr'>dedicatur</span> <span class='ocrx_word' id='word_1_85' title='bbox 958 758 978 779; x_wconf 89' lang='lat' dir='ltr'>a</span> <span class='ocrx_word' id='word_1_86' title='bbox 1003 747 1045 779; x_wconf 74' lang='grc' dir='ltr'>Θ.</span> <span class='ocrx_word' id='word_1_87' title='bbox 1061 746 1160 779; x_wconf 89' lang='lat' dir='ltr'>Fabio</span> <span class='ocrx_word' id='word_1_88' title='bbox 1177 747 1341 784; x_wconf 83' lang='lat' dir='ltr'>Maximo,</span> 
     </span>
     <span class='ocr_line' id='line_1_14' title="bbox 191 790 1343 834; baseline -0.006 -8"><span class='ocrx_word' id='word_1_89' title='bbox 191 804 247 834; x_wconf 87' lang='lat'>23,</span> <span class='ocrx_word' id='word_1_90' title='bbox 262 803 314 834; x_wconf 89' lang='lat'>30.</span> <span class='ocrx_word' id='word_1_91' title='bbox 329 800 358 825; x_wconf 79' lang='lat' dir='ltr'>et</span> <span class='ocrx_word' id='word_1_92' title='bbox 373 804 425 834; x_wconf 90' lang='lat'>31.</span> <span class='ocrx_word' id='word_1_93' title='bbox 448 793 517 833; x_wconf 84' lang='lat' dir='ltr'>ejus</span> <span class='ocrx_word' id='word_1_94' title='bbox 538 793 622 824; x_wconf 84' lang='lat' dir='ltr'>aedes</span> <span class='ocrx_word' id='word_1_95' title='bbox 637 800 728 824; x_wconf 82' lang='lat' dir='ltr'>extra</span> <span class='ocrx_word' id='word_1_96' title='bbox 749 798 877 834; x_wconf 89' lang='lat' dir='ltr'>portam</span> <span class='ocrx_word' id='word_1_97' title='bbox 900 791 1077 829; x_wconf 86' lang='lat' dir='ltr'>Collinam,</span> <span class='ocrx_word' id='word_1_98' title='bbox 1096 800 1149 831; x_wconf 87' lang='lat'>30,</span> <span class='ocrx_word' id='word_1_99' title='bbox 1164 792 1214 831; x_wconf 83' lang='lat'>38.</span> <span class='ocrx_word' id='word_1_100' title='bbox 1230 790 1298 821; x_wconf 82' lang='lat' dir='ltr'>vid.</span> <span class='ocrx_word' id='word_1_101' title='bbox 1314 797 1343 819; x_wconf 80' lang='lat' dir='ltr'>et</span> 
     </span>
    </p>

    <p class='ocr_par' dir='ltr' id='par_1_11' title="bbox 213 846 316 877">
     <span class='ocr_line' id='line_1_15' title="bbox 213 846 316 877; baseline 0.01 -9"><span class='ocrx_word' id='word_1_102' title='bbox 213 847 247 874; x_wconf 75' lang='grc' dir='ltr'>Ο,</span> <span class='ocrx_word' id='word_1_103' title='bbox 264 846 316 877; x_wconf 70' lang='lat'>34·</span> 
     </span>
    </p>

    <p class='ocr_par' dir='ltr' id='par_1_12' title="bbox 151 847 974 920">
     <span class='ocr_line' id='line_1_16' title="bbox 151 847 974 920; baseline 0.001 -10"><span class='ocrx_word' id='word_1_104' title='bbox 151 847 284 911; x_wconf 35' lang='lat' dir='ltr'>vei—ieris</span> <span class='ocrx_word' id='word_1_105' title='bbox 298 880 381 911; x_wconf 86' lang='lat' dir='ltr'>aedes</span> <span class='ocrx_word' id='word_1_106' title='bbox 396 878 461 910; x_wconf 83' lang='lat' dir='ltr'>fine</span> <span class='ocrx_word' id='word_1_107' title='bbox 477 878 545 910; x_wconf 92' lang='lat' dir='ltr'>ullo</span> <span class='ocrx_word' id='word_1_108' title='bbox 559 879 689 919; x_wconf 81' lang='lat' dir='ltr'>vestigio</span> <span class='ocrx_word' id='word_1_109' title='bbox 701 885 854 916; x_wconf 89' lang='lat' dir='ltr'>cremata,</span> <span class='ocrx_word' id='word_1_110' title='bbox 867 889 924 920; x_wconf 77' lang='lat'>41,</span> <span class='ocrx_word' id='word_1_111' title='bbox 943 889 974 911; x_wconf 88' lang='lat'>2.</span> 
     </span>
    </p>

    <p class='ocr_par' dir='ltr' id='par_1_13' title="bbox 152 919 1346 1006">
     <span class='ocr_line' id='line_1_17' title="bbox 152 919 1346 963; baseline -0.002 -10"><span class='ocrx_word' id='word_1_112' title='bbox 152 922 292 954; x_wconf 82' lang='lat' dir='ltr'>Venusia</span> <span class='ocrx_word' id='word_1_113' title='bbox 307 932 326 953; x_wconf 91' lang='lat' dir='ltr'>a</span> <span class='ocrx_word' id='word_1_114' title='bbox 347 923 509 954; x_wconf 81' lang='lat' dir='ltr'>Postumio</span> <span class='ocrx_word' id='word_1_115' title='bbox 532 922 662 954; x_wconf 88' lang='lat' dir='ltr'>consule</span> <span class='ocrx_word' id='word_1_116' title='bbox 683 929 795 963; x_wconf 84' lang='lat' dir='ltr'>capta:</span> <span class='ocrx_word' id='word_1_117' title='bbox 818 932 857 953; x_wconf 89' lang='lat' dir='ltr'>eo</span> <span class='ocrx_word' id='word_1_118' title='bbox 880 921 1009 954; x_wconf 93' lang='lat' dir='ltr'>colonia</span> <span class='ocrx_word' id='word_1_119' title='bbox 1029 919 1178 960; x_wconf 73' lang='lat' dir='ltr'>dedusz&#39;ta,</span> <span class='ocrx_word' id='word_1_120' title='bbox 1194 927 1269 961; x_wconf 79' lang='lat' dir='ltr'>quae</span> <span class='ocrx_word' id='word_1_121' title='bbox 1291 920 1346 952; x_wconf 87' lang='lat' dir='ltr'>de-</span> 
     </span>
     <span class='ocr_line' id='line_1_18' title="bbox 198 965 583 1006; baseline -0.003 -10"><span class='ocrx_word' id='word_1_122' title='bbox 198 966 272 996; x_wconf 90' lang='lat' dir='ltr'>inde</span> <span class='ocrx_word' id='word_1_123' title='bbox 287 965 440 1005; x_wconf 86' lang='lat' dir='ltr'>suppleta,</span> <span class='ocrx_word' id='word_1_124' title='bbox 459 975 512 1004; x_wconf 81' lang='lat'>31,</span> <span class='ocrx_word' id='word_1_125' title='bbox 527 975 583 1006; x_wconf 84' lang='lat'>49.</span> 
     </span>
    </p>

    <p class='ocr_par' dir='ltr' id='par_1_14' title="bbox 152 1007 1348 1091">
     <span class='ocr_line' id='line_1_19' title="bbox 152 1007 1348 1048; baseline -0.001 -9"><span class='ocrx_word' id='word_1_126' title='bbox 152 1008 330 1040; x_wconf 83' lang='lat' dir='ltr'>Venufiam</span> <span class='ocrx_word' id='word_1_127' title='bbox 345 1009 426 1047; x_wconf 87' lang='lat' dir='ltr'>fugit</span> <span class='ocrx_word' id='word_1_128' title='bbox 442 1009 509 1048; x_wconf 85' lang='lat' dir='ltr'>post</span> <span class='ocrx_word' id='word_1_129' title='bbox 530 1007 657 1039; x_wconf 82' lang='lat' dir='ltr'>cladem</span> <span class='ocrx_word' id='word_1_130' title='bbox 673 1008 875 1040; x_wconf 83' lang='lat' dir='ltr'>Cannensem</span> <span class='ocrx_word' id='word_1_131' title='bbox 890 1007 1001 1040; x_wconf 88' lang='lat' dir='ltr'>consul</span> <span class='ocrx_word' id='word_1_132' title='bbox 1024 1007 1206 1045; x_wconf 88' lang='lat' dir='ltr'>Romanus,</span> <span class='ocrx_word' id='word_1_133' title='bbox 1222 1016 1277 1045; x_wconf 89' lang='lat'>22,</span> <span class='ocrx_word' id='word_1_134' title='bbox 1292 1015 1348 1048; x_wconf 88' lang='lat'>49.</span> 
     </span>
     <span class='ocr_line' id='line_1_20' title="bbox 197 1051 1100 1091; baseline -0.001 -9"><span class='ocrx_word' id='word_1_135' title='bbox 197 1058 269 1083; x_wconf 87' lang='lat' dir='ltr'>tum</span> <span class='ocrx_word' id='word_1_136' title='bbox 283 1051 424 1091; x_wconf 81' lang='lat' dir='ltr'>reliquiae</span> <span class='ocrx_word' id='word_1_137' title='bbox 438 1051 611 1089; x_wconf 85' lang='lat' dir='ltr'>exercitus,</span> <span class='ocrx_word' id='word_1_138' title='bbox 625 1058 677 1091; x_wconf 84' lang='lat'>54.</span> <span class='ocrx_word' id='word_1_139' title='bbox 692 1051 760 1082; x_wconf 81' lang='lat' dir='ltr'>vid.</span> <span class='ocrx_word' id='word_1_140' title='bbox 773 1058 802 1082; x_wconf 78' lang='lat' dir='ltr'>er</span> <span class='ocrx_word' id='word_1_141' title='bbox 817 1059 871 1090; x_wconf 91' lang='lat'>27,</span> <span class='ocrx_word' id='word_1_142' title='bbox 887 1062 918 1084; x_wconf 90' lang='lat'>2.</span> <span class='ocrx_word' id='word_1_143' title='bbox 936 1060 988 1083; x_wconf 90' lang='lat'>20.</span> <span class='ocrx_word' id='word_1_144' title='bbox 1003 1057 1032 1081; x_wconf 76' lang='lat' dir='ltr'>et</span> <span class='ocrx_word' id='word_1_145' title='bbox 1045 1060 1100 1090; x_wconf 65' lang='lat'>41.</span> 
     </span>
    </p>

    <p class='ocr_par' dir='ltr' id='par_1_15' title="bbox 151 1091 1353 1218">
     <span class='ocr_line' id='line_1_21' title="bbox 151 1091 1352 1135; baseline -0.002 -10"><span class='ocrx_word' id='word_1_146' title='bbox 151 1094 305 1125; x_wconf 78' lang='lat' dir='ltr'>Venusmi</span> <span class='ocrx_word' id='word_1_147' title='bbox 328 1095 476 1134; x_wconf 81' lang='lat' dir='ltr'>profugos</span> <span class='ocrx_word' id='word_1_148' title='bbox 500 1104 519 1124; x_wconf 90' lang='lat' dir='ltr'>a</span> <span class='ocrx_word' id='word_1_149' title='bbox 541 1094 700 1125; x_wconf 76' lang='lat' dir='ltr'>Cannensi</span> <span class='ocrx_word' id='word_1_150' title='bbox 723 1104 833 1134; x_wconf 88' lang='lat' dir='ltr'>pugna</span> <span class='ocrx_word' id='word_1_151' title='bbox 847 1095 986 1135; x_wconf 84' lang='lat' dir='ltr'>benigne</span> <span class='ocrx_word' id='word_1_152' title='bbox 999 1100 1032 1125; x_wconf 89' lang='lat' dir='ltr'>et</span> <span class='ocrx_word' id='word_1_153' title='bbox 1053 1091 1249 1133; x_wconf 89' lang='lat' dir='ltr'>hospitaliter</span> <span class='ocrx_word' id='word_1_154' title='bbox 1262 1093 1352 1122; x_wconf 82' lang='lat' dir='ltr'>exci-</span> 
     </span>
     <span class='ocr_line' id='line_1_22' title="bbox 195 1135 1353 1178; baseline -0.003 -11"><span class='ocrx_word' id='word_1_155' title='bbox 195 1138 303 1178; x_wconf 87' lang='lat' dir='ltr'>piunt,</span> <span class='ocrx_word' id='word_1_156' title='bbox 319 1147 372 1175; x_wconf 90' lang='lat'>22,</span> <span class='ocrx_word' id='word_1_157' title='bbox 390 1146 442 1178; x_wconf 84' lang='lat'>54.</span> <span class='ocrx_word' id='word_1_158' title='bbox 465 1137 622 1168; x_wconf 87' lang='lat' dir='ltr'>Romanis</span> <span class='ocrx_word' id='word_1_159' title='bbox 637 1137 708 1175; x_wconf 82' lang='lat' dir='ltr'>fidi,</span> <span class='ocrx_word' id='word_1_160' title='bbox 721 1137 803 1168; x_wconf 90' lang='lat' dir='ltr'>dum</span> <span class='ocrx_word' id='word_1_161' title='bbox 819 1137 890 1169; x_wconf 84' lang='lat' dir='ltr'>aliae</span> <span class='ocrx_word' id='word_1_162' title='bbox 907 1137 1044 1169; x_wconf 86' lang='lat' dir='ltr'>coloniae</span> <span class='ocrx_word' id='word_1_163' title='bbox 1059 1136 1234 1167; x_wconf 59' lang='lat' dir='ltr'>detrectant</span> <span class='ocrx_word' id='word_1_164' title='bbox 1248 1135 1353 1176; x_wconf 88' lang='lat' dir='ltr'>impe.</span> 
     </span>
     <span class='ocr_line' id='line_1_23' title="bbox 196 1181 436 1218; baseline 0 -8"><span class='ocrx_word' id='word_1_165' title='bbox 196 1181 295 1218; x_wconf 89' lang='lat' dir='ltr'>rium,</span> <span class='ocrx_word' id='word_1_166' title='bbox 313 1187 366 1218; x_wconf 91' lang='lat'>27,</span> <span class='ocrx_word' id='word_1_167' title='bbox 386 1189 436 1211; x_wconf 86' lang='lat'>10.</span> 
     </span>
    </p>

    <p class='ocr_par' dir='ltr' id='par_1_16' title="bbox 155 1219 1353 1264">
     <span class='ocr_line' id='line_1_24' title="bbox 155 1219 1353 1264; baseline -0.002 -10"><span class='ocrx_word' id='word_1_168' title='bbox 155 1223 218 1254; x_wconf 84' lang='lat' dir='ltr'>ver</span> <span class='ocrx_word' id='word_1_169' title='bbox 233 1223 358 1254; x_wconf 88' lang='lat' dir='ltr'>sacrum</span> <span class='ocrx_word' id='word_1_170' title='bbox 374 1229 519 1261; x_wconf 85' lang='lat' dir='ltr'>vovetur,</span> <span class='ocrx_word' id='word_1_171' title='bbox 537 1233 590 1259; x_wconf 90' lang='lat'>22,</span> <span class='ocrx_word' id='word_1_172' title='bbox 609 1234 638 1264; x_wconf 89' lang='lat'>9.</span> <span class='ocrx_word' id='word_1_173' title='bbox 661 1229 693 1254; x_wconf 89' lang='lat' dir='ltr'>et</span> <span class='ocrx_word' id='word_1_174' title='bbox 713 1233 762 1254; x_wconf 76' lang='grc' dir='ltr'>ιο.</span> <span class='ocrx_word' id='word_1_175' title='bbox 786 1222 818 1253; x_wconf 90' lang='lat' dir='ltr'>id</span> <span class='ocrx_word' id='word_1_176' title='bbox 833 1232 874 1254; x_wconf 82' lang='lat' dir='ltr'>ex</span> <span class='ocrx_word' id='word_1_177' title='bbox 897 1222 1090 1264; x_wconf 85' lang='lat' dir='ltr'>pontificum</span> <span class='ocrx_word' id='word_1_178' title='bbox 1103 1221 1192 1261; x_wconf 78' lang='lat' dir='ltr'>juffu</span> <span class='ocrx_word' id='word_1_179' title='bbox 1206 1219 1353 1254; x_wconf 74' lang='lat' dir='ltr'>consules</span> 
     </span>
    </p>
   </div>
   <div class='ocr_carea' id='block_1_3' title="bbox 153 1266 845 1349">
    <p class='ocr_par' dir='ltr' id='par_1_17' title="bbox 153 1266 845 1349">
     <span class='ocr_line' id='line_1_25' title="bbox 196 1266 845 1307; baseline 0.002 -11"><span class='ocrx_word' id='word_1_180' title='bbox 196 1267 335 1303; x_wconf 84' lang='lat' dir='ltr'>faciunt,</span> <span class='ocrx_word' id='word_1_181' title='bbox 354 1275 409 1305; x_wconf 89' lang='lat'>33,</span> <span class='ocrx_word' id='word_1_182' title='bbox 424 1276 477 1307; x_wconf 90' lang='lat'>44.</span> <span class='ocrx_word' id='word_1_183' title='bbox 497 1266 699 1303; x_wconf 87' lang='lat' dir='ltr'>instauratur,</span> <span class='ocrx_word' id='word_1_184' title='bbox 718 1275 773 1306; x_wconf 87' lang='lat'>34,</span> <span class='ocrx_word' id='word_1_185' title='bbox 789 1276 845 1307; x_wconf 89' lang='lat'>44.</span> 
     </span>
     <span class='ocr_line' id='line_1_26' title="bbox 153 1308 576 1349; baseline -0.002 -9"><span class='ocrx_word' id='word_1_186' title='bbox 153 1309 217 1340; x_wconf 89' lang='lat' dir='ltr'>Ver</span> <span class='ocrx_word' id='word_1_187' title='bbox 233 1308 460 1349; x_wconf 89' lang='lat' dir='ltr'>procellosum,</span> <span class='ocrx_word' id='word_1_188' title='bbox 472 1317 527 1349; x_wconf 90' lang='lat'>40,</span> <span class='ocrx_word' id='word_1_189' title='bbox 546 1319 576 1340; x_wconf 90' lang='lat'>2.</span> 
     </span>
    </p>
   </div>
   <div class='ocr_carea' id='block_1_4' title="bbox 156 1352 1360 2035">
    <p class='ocr_par' dir='ltr' id='par_1_18' title="bbox 156 1352 442 1391">
     <span class='ocr_line' id='line_1_27' title="bbox 156 1352 442 1391; baseline 0 -9"><span class='ocrx_word' id='word_1_190' title='bbox 156 1352 299 1391; x_wconf 86' lang='lat' dir='ltr'>Veragri,</span> <span class='ocrx_word' id='word_1_191' title='bbox 318 1361 372 1389; x_wconf 91' lang='lat'>21,</span> <span class='ocrx_word' id='word_1_192' title='bbox 390 1352 442 1391; x_wconf 90' lang='lat'>38.</span> 
     </span>
    </p>

    <p class='ocr_par' dir='ltr' id='par_1_19' title="bbox 158 1395 465 1434">
     <span class='ocr_line' id='line_1_28' title="bbox 158 1395 465 1434; baseline -0.007 -9"><span class='ocrx_word' id='word_1_193' title='bbox 158 1395 326 1432; x_wconf 84' lang='lat' dir='ltr'>Verbenae,</span> <span class='ocrx_word' id='word_1_194' title='bbox 342 1403 394 1432; x_wconf 87' lang='lat'>30,</span> <span class='ocrx_word' id='word_1_195' title='bbox 410 1403 465 1434; x_wconf 88' lang='lat'>43.</span> 
     </span>
    </p>

    <p class='ocr_par' dir='ltr' id='par_1_20' title="bbox 156 1435 1357 1519">
     <span class='ocr_line' id='line_1_29' title="bbox 156 1435 1357 1477; baseline -0.001 -9"><span class='ocrx_word' id='word_1_196' title='bbox 156 1437 268 1468; x_wconf 86' lang='lat' dir='ltr'>Verbis</span> <span class='ocrx_word' id='word_1_197' title='bbox 282 1437 476 1476; x_wconf 83' lang='lat' dir='ltr'>quibusdam</span> <span class='ocrx_word' id='word_1_198' title='bbox 492 1436 526 1467; x_wconf 90' lang='lat' dir='ltr'>in</span> <span class='ocrx_word' id='word_1_199' title='bbox 550 1435 696 1467; x_wconf 87' lang='lat' dir='ltr'>sollemni</span> <span class='ocrx_word' id='word_1_200' title='bbox 720 1437 903 1477; x_wconf 84' lang='lat' dir='ltr'>precatione</span> <span class='ocrx_word' id='word_1_201' title='bbox 918 1436 1051 1475; x_wconf 86' lang='lat' dir='ltr'>omiffis,</span> <span class='ocrx_word' id='word_1_202' title='bbox 1068 1436 1283 1468; x_wconf 82' lang='lat' dir='ltr'>instaurantur</span> <span class='ocrx_word' id='word_1_203' title='bbox 1297 1437 1357 1467; x_wconf 85' lang='lat' dir='ltr'>La-</span> 
     </span>
     <span class='ocr_line' id='line_1_30' title="bbox 202 1480 532 1519; baseline 0 -9"><span class='ocrx_word' id='word_1_204' title='bbox 202 1480 280 1510; x_wconf 85' lang='lat' dir='ltr'>tinae</span> <span class='ocrx_word' id='word_1_205' title='bbox 292 1480 391 1519; x_wconf 80' lang='lat' dir='ltr'>feriae,</span> <span class='ocrx_word' id='word_1_206' title='bbox 404 1489 461 1519; x_wconf 87' lang='lat'>41,</span> <span class='ocrx_word' id='word_1_207' title='bbox 481 1488 532 1510; x_wconf 88' lang='lat'>21.</span> 
     </span>
    </p>

    <p class='ocr_par' dir='ltr' id='par_1_21' title="bbox 158 1521 1356 1564">
     <span class='ocr_line' id='line_1_31' title="bbox 158 1521 1356 1564; baseline 0 -11"><span class='ocrx_word' id='word_1_208' title='bbox 158 1522 348 1559; x_wconf 86' lang='lat' dir='ltr'>Vercellius,</span> <span class='ocrx_word' id='word_1_209' title='bbox 362 1522 473 1553; x_wconf 74' lang='lat' dir='ltr'>auEtor</span> <span class='ocrx_word' id='word_1_210' title='bbox 485 1521 670 1553; x_wconf 70' lang='lat' dir='ltr'>defeetionis</span> <span class='ocrx_word' id='word_1_211' title='bbox 682 1522 913 1563; x_wconf 84' lang='lat' dir='ltr'>Hirpinorum,</span> <span class='ocrx_word' id='word_1_212' title='bbox 924 1522 1022 1554; x_wconf 88' lang='lat' dir='ltr'>securi</span> <span class='ocrx_word' id='word_1_213' title='bbox 1036 1523 1226 1564; x_wconf 83' lang='lat' dir='ltr'>percutitur,</span> <span class='ocrx_word' id='word_1_214' title='bbox 1238 1532 1292 1564; x_wconf 89' lang='lat'>23,</span> <span class='ocrx_word' id='word_1_215' title='bbox 1305 1531 1356 1562; x_wconf 86' lang='lat'>37.</span> 
     </span>
    </p>

    <p class='ocr_par' dir='ltr' id='par_1_22' title="bbox 158 1566 936 1606">
     <span class='ocr_line' id='line_1_32' title="bbox 158 1566 936 1606; baseline 0.001 -10"><span class='ocrx_word' id='word_1_216' title='bbox 158 1566 416 1606; x_wconf 85' lang='lat' dir='ltr'>Vercingetorix,</span> <span class='ocrx_word' id='word_1_217' title='bbox 430 1566 497 1596; x_wconf 85' lang='lat' dir='ltr'>dux</span> <span class='ocrx_word' id='word_1_218' title='bbox 513 1567 745 1603; x_wconf 88' lang='lat' dir='ltr'>Arvernorum,</span> <span class='ocrx_word' id='word_1_219' title='bbox 762 1566 846 1605; x_wconf 75' lang='lat' dir='ltr'>Epir.</span> <span class='ocrx_word' id='word_1_220' title='bbox 863 1573 936 1604; x_wconf 88' lang='lat'>107.</span> 
     </span>
    </p>

    <p class='ocr_par' dir='ltr' id='par_1_23' title="bbox 160 1609 1128 1650">
     <span class='ocr_line' id='line_1_33' title="bbox 160 1609 1128 1650; baseline 0.002 -12"><span class='ocrx_word' id='word_1_221' title='bbox 160 1609 284 1648; x_wconf 84' lang='lat' dir='ltr'>Vergae,</span> <span class='ocrx_word' id='word_1_222' title='bbox 299 1609 470 1649; x_wconf 86' lang='lat' dir='ltr'>oppidum,</span> <span class='ocrx_word' id='word_1_223' title='bbox 486 1618 506 1638; x_wconf 88' lang='lat' dir='ltr'>a</span> <span class='ocrx_word' id='word_1_224' title='bbox 520 1609 625 1639; x_wconf 84' lang='lat' dir='ltr'>Poenis</span> <span class='ocrx_word' id='word_1_225' title='bbox 638 1609 746 1639; x_wconf 88' lang='lat' dir='ltr'>deficit</span> <span class='ocrx_word' id='word_1_226' title='bbox 762 1610 801 1639; x_wconf 88' lang='lat' dir='ltr'>ad</span> <span class='ocrx_word' id='word_1_227' title='bbox 817 1609 995 1646; x_wconf 90' lang='lat' dir='ltr'>Romanos,</span> <span class='ocrx_word' id='word_1_228' title='bbox 1008 1618 1061 1649; x_wconf 87' lang='lat'>30,</span> <span class='ocrx_word' id='word_1_229' title='bbox 1078 1618 1128 1650; x_wconf 88' lang='lat'>19.</span> 
     </span>
    </p>

    <p class='ocr_par' dir='ltr' id='par_1_24' title="bbox 159 1651 1323 1692">
     <span class='ocr_line' id='line_1_34' title="bbox 159 1651 1323 1692; baseline 0.001 -11"><span class='ocrx_word' id='word_1_230' title='bbox 159 1651 314 1691; x_wconf 84' lang='lat' dir='ltr'>Vergium</span> <span class='ocrx_word' id='word_1_231' title='bbox 327 1652 466 1682; x_wconf 82' lang='lat' dir='ltr'>castrum</span> <span class='ocrx_word' id='word_1_232' title='bbox 483 1652 517 1681; x_wconf 91' lang='lat' dir='ltr'>in</span> <span class='ocrx_word' id='word_1_233' title='bbox 533 1651 692 1691; x_wconf 82' lang='lat' dir='ltr'>Hispania</span> <span class='ocrx_word' id='word_1_234' title='bbox 707 1652 832 1692; x_wconf 87' lang='lat' dir='ltr'>capitur</span> <span class='ocrx_word' id='word_1_235' title='bbox 847 1661 866 1682; x_wconf 90' lang='lat' dir='ltr'>a</span> <span class='ocrx_word' id='word_1_236' title='bbox 881 1652 1018 1688; x_wconf 90' lang='lat' dir='ltr'>Catone,</span> <span class='ocrx_word' id='word_1_237' title='bbox 1037 1651 1180 1690; x_wconf 89' lang='lat' dir='ltr'>consule,</span> <span class='ocrx_word' id='word_1_238' title='bbox 1197 1661 1253 1692; x_wconf 87' lang='lat'>34,</span> <span class='ocrx_word' id='word_1_239' title='bbox 1271 1661 1323 1684; x_wconf 87' lang='lat'>21.</span> 
     </span>
    </p>

    <p class='ocr_par' dir='ltr' id='par_1_25' title="bbox 163 1694 1358 1775">
     <span class='ocr_line' id='line_1_35' title="bbox 163 1694 1358 1735; baseline 0.002 -11"><span class='ocrx_word' id='word_1_240' title='bbox 163 1694 371 1734; x_wconf 81' lang='lat' dir='ltr'>Vergestanus</span> <span class='ocrx_word' id='word_1_241' title='bbox 386 1694 534 1734; x_wconf 87' lang='lat' dir='ltr'>princeps</span> <span class='ocrx_word' id='word_1_242' title='bbox 548 1695 637 1725; x_wconf 89' lang='lat' dir='ltr'>venit</span> <span class='ocrx_word' id='word_1_243' title='bbox 659 1696 699 1725; x_wconf 88' lang='lat' dir='ltr'>ad</span> <span class='ocrx_word' id='word_1_244' title='bbox 721 1695 895 1733; x_wconf 89' lang='lat' dir='ltr'>Catonem,</span> <span class='ocrx_word' id='word_1_245' title='bbox 910 1694 1094 1733; x_wconf 88' lang='lat' dir='ltr'>consulem,</span> <span class='ocrx_word' id='word_1_246' title='bbox 1111 1705 1166 1735; x_wconf 84' lang='lat'>34,</span> <span class='ocrx_word' id='word_1_247' title='bbox 1183 1704 1236 1728; x_wconf 89' lang='lat'>21.</span> <span class='ocrx_word' id='word_1_248' title='bbox 1280 1695 1358 1726; x_wconf 88' lang='lat' dir='ltr'>Ver-</span> 
     </span>
     <span class='ocr_line' id='line_1_36' title="bbox 205 1737 563 1775; baseline 0.003 -8"><span class='ocrx_word' id='word_1_249' title='bbox 205 1737 323 1775; x_wconf 81' lang='lat' dir='ltr'>gestani</span> <span class='ocrx_word' id='word_1_250' title='bbox 338 1737 472 1774; x_wconf 87' lang='lat' dir='ltr'>venditi,</span> <span class='ocrx_word' id='word_1_251' title='bbox 490 1737 563 1768; x_wconf 84' lang='lat' dir='ltr'>ibid.</span> 
     </span>
    </p>

    <p class='ocr_par' dir='ltr' id='par_1_26' title="bbox 160 1778 613 1820">
     <span class='ocr_line' id='line_1_37' title="bbox 160 1778 613 1820; baseline 0.007 -12"><span class='ocrx_word' id='word_1_252' title='bbox 160 1778 373 1818; x_wconf 85' lang='lat' dir='ltr'>Vergiliarum</span> <span class='ocrx_word' id='word_1_253' title='bbox 386 1779 476 1817; x_wconf 87' lang='lat' dir='ltr'>situs,</span> <span class='ocrx_word' id='word_1_254' title='bbox 491 1790 544 1817; x_wconf 87' lang='lat'>21,</span> <span class='ocrx_word' id='word_1_255' title='bbox 562 1787 613 1820; x_wconf 83' lang='lat'>35.</span> 
     </span>
    </p>

    <p class='ocr_par' dir='ltr' id='par_1_27' title="bbox 163 1821 1360 2035">
     <span class='ocr_line' id='line_1_38' title="bbox 163 1821 1358 1863; baseline 0.003 -12"><span class='ocrx_word' id='word_1_256' title='bbox 163 1822 329 1858; x_wconf 86' lang='lat' dir='ltr'>Vermina,</span> <span class='ocrx_word' id='word_1_257' title='bbox 355 1821 440 1852; x_wconf 84' lang='lat' dir='ltr'>filius</span> <span class='ocrx_word' id='word_1_258' title='bbox 465 1823 635 1863; x_wconf 80' lang='lat' dir='ltr'>SyphaciS,</span> <span class='ocrx_word' id='word_1_259' title='bbox 659 1832 708 1861; x_wconf 88' lang='lat'>30,</span> <span class='ocrx_word' id='word_1_260' title='bbox 735 1832 788 1862; x_wconf 91' lang='lat'>40.</span> <span class='ocrx_word' id='word_1_261' title='bbox 812 1822 950 1854; x_wconf 83' lang='lat' dir='ltr'>mittitur</span> <span class='ocrx_word' id='word_1_262' title='bbox 977 1823 1124 1854; x_wconf 85' lang='lat' dir='ltr'>adversus</span> <span class='ocrx_word' id='word_1_263' title='bbox 1147 1821 1358 1859; x_wconf 84' lang='lat' dir='ltr'>Mafiuiffam.</span> 
     </span>
     <span class='ocr_line' id='line_1_39' title="bbox 206 1865 1359 1906; baseline 0.002 -12"><span class='ocrx_word' id='word_1_264' title='bbox 206 1873 348 1904; x_wconf 89' lang='lat' dir='ltr'>eumque</span> <span class='ocrx_word' id='word_1_265' title='bbox 365 1865 399 1894; x_wconf 85' lang='lat' dir='ltr'>in</span> <span class='ocrx_word' id='word_1_266' title='bbox 421 1865 533 1903; x_wconf 79' lang='lat' dir='ltr'>fugam</span> <span class='ocrx_word' id='word_1_267' title='bbox 555 1866 660 1903; x_wconf 88' lang='lat' dir='ltr'>vertit,</span> <span class='ocrx_word' id='word_1_268' title='bbox 680 1876 733 1906; x_wconf 89' lang='lat'>29,</span> <span class='ocrx_word' id='word_1_269' title='bbox 751 1875 803 1904; x_wconf 86' lang='lat'>33.</span> <span class='ocrx_word' id='word_1_270' title='bbox 826 1866 1141 1905; x_wconf 76' lang='lat' dir='ltr'>Carthaginiensibus</span> <span class='ocrx_word' id='word_1_271' title='bbox 1155 1867 1245 1896; x_wconf 87' lang='lat' dir='ltr'>venit</span> <span class='ocrx_word' id='word_1_272' title='bbox 1266 1867 1359 1897; x_wconf 83' lang='lat' dir='ltr'>auxi·</span> 
     </span>
     <span class='ocr_line' id='line_1_40' title="bbox 206 1907 1360 1948; baseline 0.002 -11"><span class='ocrx_word' id='word_1_273' title='bbox 206 1907 264 1943; x_wconf 90' lang='lat' dir='ltr'>lio,</span> <span class='ocrx_word' id='word_1_274' title='bbox 283 1915 336 1945; x_wconf 87' lang='lat'>30,</span> <span class='ocrx_word' id='word_1_275' title='bbox 355 1909 410 1946; x_wconf 83' lang='lat'>36.</span> <span class='ocrx_word' id='word_1_276' title='bbox 431 1907 500 1946; x_wconf 85' lang='lat' dir='ltr'>ejus</span> <span class='ocrx_word' id='word_1_277' title='bbox 515 1909 672 1938; x_wconf 83' lang='lat' dir='ltr'>exercitus</span> <span class='ocrx_word' id='word_1_278' title='bbox 689 1909 823 1938; x_wconf 83' lang='lat' dir='ltr'>caeditur</span> <span class='ocrx_word' id='word_1_279' title='bbox 837 1915 869 1939; x_wconf 87' lang='lat' dir='ltr'>et</span> <span class='ocrx_word' id='word_1_280' title='bbox 884 1909 1023 1948; x_wconf 87' lang='lat' dir='ltr'>fugatur,</span> <span class='ocrx_word' id='word_1_281' title='bbox 1041 1909 1112 1939; x_wconf 83' lang='lat' dir='ltr'>ibid.</span> <span class='ocrx_word' id='word_1_282' title='bbox 1131 1908 1226 1948; x_wconf 88' lang='lat' dir='ltr'>legati</span> <span class='ocrx_word' id='word_1_283' title='bbox 1244 1914 1360 1948; x_wconf 90' lang='lat' dir='ltr'>petunt</span> 
     </span>
     <span class='ocr_line' id='line_1_41' title="bbox 206 1950 1360 1992; baseline 0.001 -12"><span class='ocrx_word' id='word_1_284' title='bbox 206 1959 226 1980; x_wconf 89' lang='lat' dir='ltr'>a</span> <span class='ocrx_word' id='word_1_285' title='bbox 242 1950 364 1987; x_wconf 87' lang='lat' dir='ltr'>senatu,</span> <span class='ocrx_word' id='word_1_286' title='bbox 382 1956 419 1981; x_wconf 93' lang='lat' dir='ltr'>ut</span> <span class='ocrx_word' id='word_1_287' title='bbox 435 1960 489 1980; x_wconf 89' lang='lat' dir='ltr'>rex</span> <span class='ocrx_word' id='word_1_288' title='bbox 507 1950 608 1981; x_wconf 85' lang='lat' dir='ltr'>socius</span> <span class='ocrx_word' id='word_1_289' title='bbox 623 1957 654 1980; x_wconf 90' lang='lat' dir='ltr'>ct</span> <span class='ocrx_word' id='word_1_290' title='bbox 670 1951 795 1982; x_wconf 89' lang='lat' dir='ltr'>amicus</span> <span class='ocrx_word' id='word_1_291' title='bbox 811 1951 1003 1992; x_wconf 85' lang='lat' dir='ltr'>appelletur,</span> <span class='ocrx_word' id='word_1_292' title='bbox 1022 1962 1075 1990; x_wconf 87' lang='lat'>31,</span> <span class='ocrx_word' id='word_1_293' title='bbox 1096 1962 1108 1982; x_wconf 84' lang='lat'><em>1</em></span> <span class='ocrx_word' id='word_1_294' title='bbox 1119 1962 1146 1982; x_wconf 82' lang='lat'>1.</span> <span class='ocrx_word' id='word_1_295' title='bbox 1169 1952 1281 1991; x_wconf 87' lang='lat' dir='ltr'>legatis</span> <span class='ocrx_word' id='word_1_296' title='bbox 1295 1952 1360 1982; x_wconf 86' lang='lat' dir='ltr'>Ro-</span> 
     </span>
     <span class='ocr_line' id='line_1_42' title="bbox 205 1993 1358 2035; baseline 0.002 -13"><span class='ocrx_word' id='word_1_297' title='bbox 205 1993 313 2023; x_wconf 88' lang='lat' dir='ltr'>manis</span> <span class='ocrx_word' id='word_1_298' title='bbox 335 1993 466 2023; x_wconf 85' lang='lat' dir='ltr'>obviarn</span> <span class='ocrx_word' id='word_1_299' title='bbox 490 1993 698 2032; x_wconf 89' lang='lat' dir='ltr'>progreditur,</span> <span class='ocrx_word' id='word_1_300' title='bbox 712 2001 744 2023; x_wconf 90' lang='lat' dir='ltr'>et</span> <span class='ocrx_word' id='word_1_301' title='bbox 766 1994 806 2024; x_wconf 90' lang='lat' dir='ltr'>ab</span> <span class='ocrx_word' id='word_1_302' title='bbox 824 1995 862 2025; x_wconf 85' lang='lat' dir='ltr'>iis</span> <span class='ocrx_word' id='word_1_303' title='bbox 884 1995 968 2035; x_wconf 88' lang='lat' dir='ltr'>leges</span> <span class='ocrx_word' id='word_1_304' title='bbox 984 1996 1071 2035; x_wconf 85' lang='lat' dir='ltr'>pacis</span> <span class='ocrx_word' id='word_1_305' title='bbox 1093 1995 1225 2035; x_wconf 88' lang='lat' dir='ltr'>accipit,</span> <span class='ocrx_word' id='word_1_306' title='bbox 1245 2005 1296 2035; x_wconf 86' lang='lat'>¹9·</span> <span class='ocrx_word' id='word_1_307' title='bbox 1319 1995 1358 2026; x_wconf 84' lang='lat' dir='ltr'>ad</span> 
     </span>
    </p>
   </div>
   <div class='ocr_carea' id='block_1_5' title="bbox 164 2035 1283 2118">
    <p class='ocr_par' dir='ltr' id='par_1_28' title="bbox 164 2035 1283 2118">
     <span class='ocr_line' id='line_1_43' title="bbox 209 2035 1283 2076; baseline 0.002 -11"><span class='ocrx_word' id='word_1_308' title='bbox 209 2035 468 2066; x_wconf 81' lang='lat' dir='ltr'>confirmandam</span> <span class='ocrx_word' id='word_1_309' title='bbox 486 2045 601 2076; x_wconf 88' lang='lat' dir='ltr'>pacem</span> <span class='ocrx_word' id='word_1_310' title='bbox 614 2036 743 2074; x_wconf 83' lang='lat' dir='ltr'>jubetur</span> <span class='ocrx_word' id='word_1_311' title='bbox 758 2037 880 2076; x_wconf 85' lang='lat' dir='ltr'>legatos</span> <span class='ocrx_word' id='word_1_312' title='bbox 896 2037 1037 2069; x_wconf 81' lang='lat' dir='ltr'>Romam</span> <span class='ocrx_word' id='word_1_313' title='bbox 1054 2038 1193 2076; x_wconf 84' lang='lat' dir='ltr'>mittere,</span> <span class='ocrx_word' id='word_1_314' title='bbox 1209 2037 1283 2068; x_wconf 82' lang='lat' dir='ltr'>ibid.</span> 
     </span>
     <span class='ocr_line' id='line_1_44' title="bbox 164 2077 692 2118; baseline 0.004 -11"><span class='ocrx_word' id='word_1_315' title='bbox 164 2077 308 2108; x_wconf 88' lang='lat' dir='ltr'>Vernum</span> <span class='ocrx_word' id='word_1_316' title='bbox 325 2078 570 2117; x_wconf 69' lang='lat' dir='ltr'>aequinofitium,</span> <span class='ocrx_word' id='word_1_317' title='bbox 589 2088 644 2118; x_wconf 87' lang='lat'>33,</span> <span class='ocrx_word' id='word_1_318' title='bbox 662 2089 692 2118; x_wconf 83' lang='lat'>3.</span> 
     </span>
    </p>
   </div>
   <div class='ocr_carea' id='block_1_6' title="bbox 166 2120 589 2204">
    <p class='ocr_par' dir='ltr' id='par_1_29' title="bbox 166 2120 589 2204">
     <span class='ocr_line' id='line_1_45' title="bbox 166 2120 589 2161; baseline 0 -11"><span class='ocrx_word' id='word_1_319' title='bbox 166 2120 399 2158; x_wconf 87' lang='lat' dir='ltr'>Veromandui‚</span> <span class='ocrx_word' id='word_1_320' title='bbox 417 2121 502 2161; x_wconf 89' lang='lat' dir='ltr'>Epit.</span> <span class='ocrx_word' id='word_1_321' title='bbox 519 2131 589 2161; x_wconf 81' lang='lat'>104.</span> 
     </span>
     <span class='ocr_line' id='line_1_46' title="bbox 167 2162 531 2204; baseline 0.005 -12"><span class='ocrx_word' id='word_1_322' title='bbox 167 2162 307 2200; x_wconf 88' lang='lat' dir='ltr'>Verona,</span> <span class='ocrx_word' id='word_1_323' title='bbox 324 2164 411 2200; x_wconf 82' lang='lat' dir='ltr'>urbs,</span> <span class='ocrx_word' id='word_1_324' title='bbox 428 2172 460 2204; x_wconf 88' lang='lat'>5,</span> <span class='ocrx_word' id='word_1_325' title='bbox 480 2173 531 2204; x_wconf 84' lang='lat'>35.</span> 
     </span>
    </p>
   </div>
   <div class='ocr_carea' id='block_1_7' title="bbox 169 2205 1359 2249">
    <p class='ocr_par' dir='ltr' id='par_1_30' title="bbox 169 2205 1359 2249">
     <span class='ocr_line' id='line_1_47' title="bbox 169 2205 1359 2249; baseline 0.005 -15"><span class='ocrx_word' id='word_1_326' title='bbox 169 2205 322 2245; x_wconf 87' lang='lat' dir='ltr'>Verrugo,</span> <span class='ocrx_word' id='word_1_327' title='bbox 339 2206 508 2246; x_wconf 87' lang='lat' dir='ltr'>oppidum,</span> <span class='ocrx_word' id='word_1_328' title='bbox 524 2216 558 2246; x_wconf 90' lang='lat'>4,</span> <span class='ocrx_word' id='word_1_329' title='bbox 577 2216 605 2239; x_wconf 88' lang='lat' dir='ltr'>r.</span> <span class='ocrx_word' id='word_1_330' title='bbox 621 2207 783 2247; x_wconf 90' lang='lat' dir='ltr'>recipitur,</span> <span class='ocrx_word' id='word_1_331' title='bbox 801 2215 853 2249; x_wconf 75' lang='lat'>55.</span> <span class='ocrx_word' id='word_1_332' title='bbox 878 2208 1060 2248; x_wconf 79' lang='lat' dir='ltr'>praesidium</span> <span class='ocrx_word' id='word_1_333' title='bbox 1076 2208 1251 2248; x_wconf 83' lang='lat' dir='ltr'>Verrugine</span> <span class='ocrx_word' id='word_1_334' title='bbox 1265 2208 1359 2240; x_wconf 81' lang='lat' dir='ltr'>amit-</span> 
     </span>
    </p>
   </div>
   <div class='ocr_carea' id='block_1_8' title="bbox 213 2248 1360 2330">
    <p class='ocr_par' dir='ltr' id='par_1_31' title="bbox 213 2248 1360 2330">
     <span class='ocr_line' id='line_1_48' title="bbox 213 2248 1360 2290; baseline 0.004 -13"><span class='ocrx_word' id='word_1_335' title='bbox 213 2248 302 2284; x_wconf 89' lang='lat' dir='ltr'>titur,</span> <span class='ocrx_word' id='word_1_336' title='bbox 321 2249 373 2287; x_wconf 87' lang='lat'>58.</span> <span class='ocrx_word' id='word_1_337' title='bbox 417 2248 627 2289; x_wconf 88' lang='lat' dir='ltr'>Verruginem</span> <span class='ocrx_word' id='word_1_338' title='bbox 650 2251 793 2290; x_wconf 79' lang='lat' dir='ltr'>praefidio</span> <span class='ocrx_word' id='word_1_339' title='bbox 814 2252 937 2284; x_wconf 83' lang='lat' dir='ltr'>obtinet</span> <span class='ocrx_word' id='word_1_340' title='bbox 961 2252 999 2283; x_wconf 89' lang='lat' dir='ltr'>C.</span> <span class='ocrx_word' id='word_1_341' title='bbox 1020 2251 1189 2289; x_wconf 84' lang='lat' dir='ltr'>AEmilius,</span> <span class='ocrx_word' id='word_1_342' title='bbox 1214 2251 1360 2284; x_wconf 84' lang='lat' dir='ltr'>tribunus</span> 
     </span>
     <span class='ocr_line' id='line_1_49' title="bbox 213 2290 480 2330; baseline 0.007 -10"><span class='ocrx_word' id='word_1_343' title='bbox 213 2290 368 2324; x_wconf 89' lang='lat' dir='ltr'>militum,</span> <span class='ocrx_word' id='word_1_344' title='bbox 384 2297 415 2330; x_wconf 82' lang='lat'>5,</span> <span class='ocrx_word' id='word_1_345' title='bbox 430 2293 480 2322; x_wconf 87' lang='lat'>28.</span> 
     </span>
    </p>
   </div>
   <div class='ocr_carea' id='block_1_9' title="bbox 171 2332 627 2371">
    <p class='ocr_par' dir='ltr' id='par_1_32' title="bbox 171 2332 627 2371">
     <span class='ocr_line' id='line_1_50' title="bbox 171 2332 627 2371; baseline 0.002 -10"><span class='ocrx_word' id='word_1_346' title='bbox 171 2332 285 2362; x_wconf 88' lang='lat' dir='ltr'>Versus</span> <span class='ocrx_word' id='word_1_347' title='bbox 302 2333 528 2371; x_wconf 79' lang='lat' dir='ltr'>Fescenninus,</span> <span class='ocrx_word' id='word_1_348' title='bbox 549 2341 580 2371; x_wconf 91' lang='lat'>7,</span> <span class='ocrx_word' id='word_1_349' title='bbox 598 2344 627 2365; x_wconf 90' lang='lat'>2.</span> 
     </span>
    </p>
   </div>
   <div class='ocr_carea' id='block_1_10' title="bbox 172 2375 1360 2461">
    <p class='ocr_par' dir='ltr' id='par_1_33' title="bbox 172 2375 1360 2461">
     <span class='ocr_line' id='line_1_51' title="bbox 172 2375 1360 2421; baseline 0.005 -17"><span class='ocrx_word' id='word_1_350' title='bbox 172 2375 364 2411; x_wconf 82' lang='lat' dir='ltr'>Verulanus,</span> <span class='ocrx_word' id='word_1_351' title='bbox 380 2375 518 2415; x_wconf 84' lang='lat' dir='ltr'>populus</span> <span class='ocrx_word' id='word_1_352' title='bbox 542 2375 692 2408; x_wconf 75' lang='lat' dir='ltr'>Hernioee</span> <span class='ocrx_word' id='word_1_353' title='bbox 712 2379 828 2417; x_wconf 88' lang='lat' dir='ltr'>gentis,</span> <span class='ocrx_word' id='word_1_354' title='bbox 844 2390 875 2421; x_wconf 89' lang='lat'>9,</span> <span class='ocrx_word' id='word_1_355' title='bbox 892 2389 946 2419; x_wconf 88' lang='lat'>42.</span> <span class='ocrx_word' id='word_1_356' title='bbox 967 2379 1053 2420; x_wconf 83' lang='lat' dir='ltr'>leges</span> <span class='ocrx_word' id='word_1_357' title='bbox 1070 2378 1152 2417; x_wconf 84' lang='lat' dir='ltr'>suas,</span> <span class='ocrx_word' id='word_1_358' title='bbox 1167 2388 1267 2420; x_wconf 83' lang='lat' dir='ltr'>quam</span> <span class='ocrx_word' id='word_1_359' title='bbox 1283 2379 1360 2411; x_wconf 88' lang='lat' dir='ltr'>civi-</span> 
     </span>
     <span class='ocr_line' id='line_1_52' title="bbox 216 2418 756 2461; baseline 0.006 -14"><span class='ocrx_word' id='word_1_360' title='bbox 216 2424 315 2448; x_wconf 87' lang='lat' dir='ltr'>tatem</span> <span class='ocrx_word' id='word_1_361' title='bbox 333 2418 529 2456; x_wconf 87' lang='lat' dir='ltr'>Romanam,</span> <span class='ocrx_word' id='word_1_362' title='bbox 547 2419 687 2458; x_wconf 85' lang='lat' dir='ltr'>malunt,</span> <span class='ocrx_word' id='word_1_363' title='bbox 703 2429 756 2461; x_wconf 82' lang='lat'>43.</span> 
     </span>
    </p>
   </div>
   <div class='ocr_carea' id='block_1_11' title="bbox 258 2461 801 2492">
    <p class='ocr_par' dir='ltr' id='par_1_34' title="bbox 258 2461 801 2492">
     <span class='ocr_line' id='line_1_53' title="bbox 258 2461 801 2492; baseline 0.017 -2"><span class='ocrx_word' id='word_1_364' title='bbox 258 2461 345 2492; x_wconf 74' lang='lat' dir='ltr'>Vol..</span> <span class='ocrx_word' id='word_1_365' title='bbox 361 2461 399 2492; x_wconf 87' lang='lat' dir='ltr'>V.</span> <span class='ocrx_word' id='word_1_366' title='bbox 769 2463 801 2492; x_wconf 81' lang='lat' dir='ltr'>N</span> 
     </span>
    </p>
   </div>
  </div>
 </body>
</html>
