1572 2616
218 140 268 185 18
558 153 722 184 mnnx
763 154 821 183 IN
858 153 904 183 T.
927 151 1060 184 mvn

299 231 398 263 altero
412 231 508 263 oculo
523 233 660 273 capitur,
679 243 733 269 22,
751 243 781 265 2.
803 233 905 264 vincit
927 233 1091 264 Romanos
1106 232 1147 263 ad
1167 232 1393 265 Trasimenum

255 275 377 309 lacum,
395 284 425 314 4.
443 275 563 317 etseqq.
592 276 693 306 Italiae
708 285 797 315 agros
820 277 971 313 devastat,
989 288 1018 317 9.
1035 285 1076 307 ex
1094 275 1237 316 Hirpinis
1252 277 1284 306 in
1301 277 1394 307 Sam-

257 319 351 349 nium
367 318 488 355 tranfit‚
505 320 686 358 ducemque
709 319 827 349 itineris
845 320 938 358 virgis
959 320 1078 349 caesum
1095 319 1128 348 in
1145 328 1275 349 crucem
1296 319 1393 355 tollit,

260 371 310 400 ¹³-
327 361 391 391 duo
408 361 510 391 millia
526 363 623 391 ferme
639 362 740 392 boum
763 362 904 392 accensis
919 362 1068 391 cornibus
1091 363 1123 391 in
1140 368 1266 392 montes
1287 361 1397 392 conci·

257 409 316 442 tat,
337 406 386 434 16.
403 404 472 441 ejus
486 404 577 434 dolus
594 405 634 434 ad
649 406 830 444 augendam
846 404 1004 435 dietatoris
1019 404 1186 440 invidiam,
1208 414 1259 442 23.
1276 405 1316 434 ad
1331 413 1398 434 cer·

256 453 366 476 tamen
394 446 519 486 prolicit
541 447 727 486 magistrum
751 449 908 487 equitum,
927 449 977 478 28.
993 447 1061 485 ejus
1086 448 1125 476 de
1150 447 1191 477 O.
1209 447 1297 477 Fabii
1323 447 1398 477 Ma—

256 490 339 519 ximi
362 490 478 519 virtute
501 491 734 527 testimonium,
762 500 814 529 30.
838 491 994 520 exercitus
1021 490 1173 520 omnium
1205 498 1310 520 rerum
1341 498 1405 528 per

257 533 349 562 nuria
371 532 505 569 laborat,
530 542 582 572 40.
599 533 712 563 relietis
735 535 850 567 castris,
872 534 983 572 fugam
1000 533 1141 569 simulat,
1158 542 1211 571 41.
1233 531 1302 569 ejus
1325 530 1396 561 infi-

257 575 319 604 diae
334 574 479 615 aetenae,
496 585 548 614 42.
565 575 634 613 ejus
657 576 765 615 inopia
787 583 819 606 et
845 578 1004 611 anxietas,
1020 584 1073 614 43.
1089 575 1127 604 ad
1149 575 1277 605 Cannas
1300 575 1399 604 castra

258 618 362 657 ponit,
387 617 458 647 ibid.
483 619 586 647 aciem
612 619 749 656 instruit,
771 619 824 658 46.
842 619 942 649 vincit
965 619 1130 649 Romanos
1152 627 1272 657 magna
1295 616 1399 655 clade,

257 669 311 701 49.
325 660 375 690 sed
389 662 433 690 uti
451 661 582 691 vietoria
597 662 708 698 nescit,
725 669 777 702 51.

299 703 380 733 vesci
406 703 515 733 docuit
531 705 715 742 corporibus
731 705 897 741 humanis,
918 714 969 743 23,
988 709 1018 743 5.
1036 703 1182 742 Capuam
1197 701 1299 738 venit,
1319 708 1349 739 7.
1366 710 1401 731 a-

257 746 324 785 pud
348 746 470 776 Minios
485 746 608 777 Celeres
631 747 813 783 diversatur,
831 748 860 778 8.
874 747 943 784 ejus
967 747 999 776 in
1022 746 1131 776 senatu
1148 745 1316 783 Campano
1332 753 1401 774 ora·

258 789 316 824 tio,
340 798 377 819 10
407 789 439 818 in
456 798 569 828 agrum
591 790 759 820 Nolanum
781 791 917 820 traducit
939 789 1131 824 exercitum,
1152 798 1201 826 14.
1226 787 1401 817 Nuceriam

259 833 294 861 in
321 831 519 861 deditionem
539 833 671 871 accipit,
698 840 745 872 15.
764 834 803 863 ad
824 832 945 863 Nolam
962 832 1102 862 vincitur
1123 840 1142 860 a
1165 828 1333 867 Marcello,
1351 829 1402 860 16.

258 875 392 904 Acerras
416 875 536 913 diripit,
555 882 586 904 et
608 875 785 906 Casilinum
807 881 984 914 oppugnat,
1006 882 1055 911 17.
1076 875 1126 903 18.
1143 872 1210 910 ejus
1224 873 1403 902 exercitum

259 916 437 955 Campanae
460 916 583 948 delieiae
605 924 767 951 enervant,
792 918 864 948 ibid.
880 928 920 948 ex
944 917 1085 947 hibernis
1112 916 1203 952 redit,
1222 914 1402 945 Casilinum

257 966 512 999 oppugnaturus,
534 970 582 1001 19.
607 961 675 998 ejus
700 961 739 991 ad
756 961 942 1000 Philippum
965 960 1059 999 legati
1074 959 1331 997 intercipiuntur,
1349 966 1403 997 34.

259 1003 434 1041 Campanis
461 1013 558 1042 opem
580 1003 701 1034 laturus
725 1005 765 1034 ad
792 1004 918 1034 Hamas
943 1002 1098 1042 pervenit,
1116 1003 1166 1040 36.
1183 1001 1223 1030 ab
1239 999 1403 1030 obsidione

258 1046 439 1075 Cumarum
458 1046 597 1080 discedit,
616 1055 666 1084 37.
683 1056 760 1076 cum
777 1048 919 1077 exercitu
943 1045 1064 1076 Nolam
1081 1050 1325 1083 oppugnaturus
1348 1052 1404 1072 ac-

259 1088 356 1124 cedit,
373 1098 425 1128 43.
443 1089 564 1120 Nolam
587 1096 765 1129 oppugnat,
781 1100 835 1129 44.
855 1089 924 1126 ejus
946 1089 1068 1127 equites
1091 1086 1181 1116 mille
1204 1085 1335 1116 ducenti
1358 1084 1405 1114 se-

261 1132 429 1170 ptuaginta
445 1132 509 1162 duo
522 1132 562 1161 ad
578 1132 771 1162 Marcellum
790 1132 1017 1169 transfugiunt,
1033 1131 1088 1168 46.

304 1173 451 1203 Puteolos
476 1175 584 1204 frustra
608 1181 722 1211 tentat,
748 1184 801 1213 24,
821 1185 869 1213 13.
908 1175 1086 1204 Tarentum
1110 1180 1166 1209 per
1190 1170 1405 1209 proditionem

261 1216 362 1254 capit,
378 1226 428 1255 25,
446 1219 477 1246 8.
496 1226 524 1254 9.
547 1227 595 1248 10.
611 1217 780 1247 consilium
804 1217 873 1255 ejus
896 1217 934 1245 de
949 1216 1124 1246 Tarentina
1147 1212 1240 1242 claffe
1265 1213 1296 1241 in
1314 1221 1405 1250 aper-

261 1264 334 1288 tum
363 1268 450 1288 mare
475 1260 665 1298 emittenda,
698 1269 746 1290 11.
778 1260 840 1290 Cn.
865 1259 1018 1289 Fulvium
1045 1263 1213 1296 praetorem
1237 1254 1336 1284 vincit
1365 1253 1406 1283 ad

263 1301 486 1338 Herdoneam,
502 1312 553 1333 21.

308 1345 341 1373 in
364 1344 582 1384 Campaniam
605 1345 785 1382 contendit,
805 1347 857 1381 26,
876 1352 907 1384 5.
923 1341 1148 1383 oppugnandae
1163 1340 1278 1370 Rornae
1302 1337 1407 1387 consi-

261 1385 345 1416 lium
361 1388 459 1426 capit,
478 1395 506 1423 7.
523 1388 581 1417 tria
596 1388 699 1417 millia
716 1387 862 1427 passuum
885 1387 924 1417 ab
947 1387 1051 1416 Roma
1066 1385 1163 1415 castra
1182 1383 1280 1420 locat,
1301 1391 1347 1413 10.
1366 1390 1408 1411 11-

262 1430 323 1458 1ito
340 1429 469 1468 incepto
485 1430 628 1466 discedit,
650 1440 696 1460 11.
1359 1465 1365 1472 ο

308 1471 369 1500 Cn.
389 1472 537 1501 Fulvium
561 1473 784 1511 proconsulem
807 1481 885 1502 curn
911 1471 1053 1501 exercitu
1076 1469 1195 1503 fundit,
1215 1475 1267 1504 27,
1288 1476 1315 1497 1.
1339 1475 1408 1504 ejus

263 1514 304 1544 de
328 1514 375 1543 M.
396 1514 549 1543 Marcello
571 1515 745 1550 judicium,
773 1524 822 1552 14.
846 1514 885 1543 de
909 1513 1019 1548 Fabio,
1048 1515 1097 1543 16.
1124 1511 1353 1548 Metapontum
1377 1508 1408 1538 se

264 1556 389 1595 recipit,
407 1556 478 1586 ibid.
496 1557 663 1586 Lacinium
687 1558 794 1596 copias
809 1557 972 1592 admovet,
991 1563 1040 1593 25.
1065 1552 1209 1583 Marcelli
1227 1561 1341 1591 corpus
1363 1551 1409 1580 se-

265 1598 357 1638 pelit,
378 1601 428 1630 28.
453 1599 521 1636 ejus
537 1600 659 1629 annulo
684 1600 729 1628 uti
754 1606 889 1629 conatus
905 1599 945 1627 ad
967 1596 1170 1635 decipiendos
1194 1594 1407 1633 Salapitanos,

265 1641 389 1671 suamet
414 1642 477 1680 ipse
500 1642 608 1671 fraude
627 1643 762 1680 capitur,
781 1641 851 1670 ibid.
870 1642 934 1670 viso
955 1640 1059 1678 capite
1075 1637 1271 1673 Asdrubalis,
1288 1637 1317 1666 se
1333 1637 1410 1666 Car-

265 1684 407 1722 thaginis
431 1685 592 1714 fortunam
616 1684 783 1723 agnoscere
804 1684 894 1719 dicit,
912 1691 962 1723 51.
979 1682 1091 1711 omnia
1113 1680 1234 1710 auxilia
1257 1680 1290 1709 in
1305 1685 1410 1709 extre·

266 1736 362 1756 mum
376 1727 476 1756 ltaliae
492 1727 651 1766 angulum
670 1728 807 1759 Bruttios
822 1725 995 1761 contrahit,
1013 1724 1084 1754 ibid.
1383 1763 1389 1768 ⁴

311 1769 458 1807 adversis,
475 1779 575 1808 quam
591 1769 737 1799 secundis
754 1769 859 1805 rebus,
877 1767 1062 1801 mirabilior,
1081 1767 1133 1800 28,
1150 1774 1200 1795 12.
1219 1763 1257 1793 ad
1271 1764 1409 1811 Junoriis

268 1812 409 1842 Laciniae
430 1812 593 1852 templum
608 1812 751 1842 aeftatem
774 1812 847 1850 agit,
871 1812 925 1850 46.
949 1819 1037 1840 aram
1062 1808 1104 1838 ibi
1121 1808 1246 1837 dedicat
1267 1815 1345 1836 cum
1362 1815 1411 1835 in-

267 1856 354 1893 genti
373 1864 476 1885 terum
495 1856 534 1884 ab
551 1856 580 1885 se
594 1856 751 1894 gestarum
768 1855 874 1889 titulo,
892 1852 964 1887 ibid.

313 1897 428 1927 Locros
452 1898 566 1934 tendit,
585 1908 637 1936 29,
657 1905 686 1934 7.
703 1896 829 1926 adverso
845 1895 958 1935 proelio
973 1892 1146 1933 perculsus,
1163 1892 1336 1922 Crotonem
1352 1897 1410 1919 ex-

268 1940 405 1970 ercitum
421 1939 566 1976 abducit,
585 1941 635 1974 36-
1362 1973 1368 1979 ι

312 1991 354 2012 ex
371 1982 464 2012 ltalia
477 1989 653 2018 revocatur,
672 1990 724 2019 30,
741 1990 770 2019 9.
792 1989 841 2021 19.
857 1980 1006 2010 frendens
1022 1987 1059 2008 ac
1073 1985 1205 2016 gemens
1219 1983 1291 2004 eam
1315 1972 1410 2003 relin-

270 2025 354 2064 quit,
370 2035 421 2056 20.
438 2024 507 2062 ejus
523 2033 599 2054 cum
616 2025 766 2062 Scipione
781 2022 994 2060 colloquium,
1013 2032 1063 2059 29.
1076 2018 1196 2059 erseqq.
1214 2017 1283 2047 suos
1295 2016 1338 2064 'ad
1350 2025 1411 2054 pu-

270 2076 370 2105 gnam
392 2067 537 2097 hortatur
551 2074 581 2096 et
598 2067 735 2101 instruit,
751 2075 801 2103 32.
829 2065 929 2094 vifitus
945 2064 1161 2093 Adrumetum
1178 2060 1330 2107 profugit,
1357 2065 1410 2097 35.

271 2110 359 2148 spem
375 2109 481 2140 salutis
497 2109 572 2139 alibi
590 2118 654 2138 non
678 2108 752 2144 esse,
775 2116 874 2146 quam
898 2107 929 2135 in
954 2114 1031 2144 pace
1055 2102 1264 2141 impetranda,
1279 2103 1407 2135 tatetur,

273 2152 344 2182 ibid.
361 2152 548 2190 Gisgonem,
561 2151 601 2180 ad
615 2150 854 2181 dissuadendam
872 2156 983 2187 pacem
1009 2145 1246 2192 procedentem,
1264 2142 1410 2190 exusupe-

272 2195 352 2224 riore
372 2194 444 2224 loeo
467 2195 616 2229 detrahit,
635 2201 685 2231 37.
710 2192 823 2223 Poenos
845 2192 878 2221 in
898 2191 986 2221 curia
1008 2188 1121 2218 flentes
1146 2186 1236 2223 ridet,
1259 2191 1290 2215 et
1306 2193 1409 2215 incre-

296 2243 341 2272 at,
400 2258 406 2264 .

272 2245 294 2275 p
317 2246 455 2309 nu4ri⁴cios
477 2284 508 2309 et
523 2277 627 2308 literas
643 2277 682 2307 ad
698 2276 899 2307 Antiochum
924 2272 1036 2304 misisse
1053 2271 1265 2306 insimulatur,
1284 2278 1337 2308 33,
1352 2274 1407 2316 45.

273 2327 388 2359 praetor
399 2321 547 2358 Judicum
571 2320 761 2360 potentiam,
776 2327 904 2357 gravem
925 2316 1074 2352 libertati,
1097 2315 1227 2350 minuit,
1243 2312 1296 2359 46.
1311 2310 1409 2359 yefi‘ti-

274 2362 397 2403 galium
420 2363 624 2405 publicorum
639 2362 776 2394 rationes
791 2369 870 2395 cum
884 2359 946 2391 fide
962 2365 992 2389 et
1009 2358 1177 2400 prudentia
1199 2354 1407 2390 administrat,
