1572 2616
218 146 275 194 90
562 150 729 180 INDEX
772 151 825 179 IN
864 152 908 179 T.
933 152 1067 181 LIVII

218 230 359 260 Fabrfirn
375 230 527 261 centuriae
542 230 613 260 duae
630 231 663 260 in
680 231 782 270 prima
798 231 903 269 classe,
923 241 950 269 1,
967 241 1020 270 43.

220 273 360 310 Faesulae,
381 284 433 309 22,
455 283 483 312 3.

219 316 371 351 Falarica,
390 326 489 355 genus
505 316 572 352 teli,
592 326 643 353 21,
663 317 691 345 8.
712 326 764 356 34,
785 327 834 356 14.

219 359 355 389 Falcatae
372 360 542 399 quadrigae,
559 359 624 389 vid.
643 359 826 400 Quadrigae.

219 402 363 432 Falerina
379 403 477 432 tribus
493 403 612 440 addita,
630 412 661 440 9,
679 413 731 434 20.

218 446 345 482 Falerii,
359 445 425 476 vid.
442 445 562 475 Falisci.

217 488 369 518 Falernus
392 498 476 528 ager,
502 496 532 525 7,
562 490 612 519 26.
640 498 691 526 10,
710 499 759 519 20.
783 495 815 518 et
839 499 889 519 21.
916 499 967 525 22,
989 499 1039 527 13.
1062 488 1223 525 dividitur,
1251 487 1346 527 usque
1370 487 1409 521 ad

260 532 459 561 Vulturnum
474 531 623 567 fiuvium,
641 531 723 570 plebi
743 532 912 567 Romanae,
929 534 960 567 8,
983 542 1030 562 11.

218 574 328 604 Falisci
344 575 466 604 auxilio
483 576 618 604 veniunt
635 575 820 605 Veientibus
836 583 865 605 et
885 576 1101 611 FidenatibuS‚
1118 583 1152 613 4,
1173 583 1221 611 17.
1246 573 1285 603 ad
1301 573 1409 610 Veios,

261 628 279 647 a
295 618 451 647 Romanis
467 618 612 653 obsessos,
629 619 799 653 accedunt,
818 624 849 657 5,
869 620 897 648 8.
924 619 1109 648 adoriuntur
1125 617 1222 647 castra
1245 617 1410 646 Romano-

261 670 347 697 rum,
364 660 436 691 ibid.
452 667 479 690 et
498 670 546 698 13.
570 661 744 690 vincuntur
760 671 778 690 a
794 661 944 697 Camillo,
964 670 1013 699 ¹9·
1038 670 1149 690 eorum
1165 661 1259 689 castra
1276 659 1411 698 capiun-

261 710 325 740 tur,
349 710 380 733 et
405 704 477 733 urbs
500 703 670 740 obsidetur,
694 704 745 733 26.
771 705 909 743 magistri
939 704 1092 734 Faliscam
1110 703 1317 740 juventutem
1341 711 1412 741 pro-

261 747 364 776 dentis
388 747 598 786 supplicium,
618 755 668 784 27.
693 746 802 776 Falisci
830 747 951 777 dedunt
977 747 1004 776 l'e
1027 747 1195 781 Romanis,
1212 744 1283 775 ibid.
1310 744 1413 775 rebel-

260 790 340 825 lant,
366 797 397 826 7,
426 797 474 825 17.
499 790 642 819 inducias
669 791 879 829 quadraginta
903 799 1063 819 annorum
1086 790 1269 827 impetrant,
1295 798 1346 818 22.
1372 788 1410 817 iis

258 832 382 862 bellurn
399 833 561 868 indicitur,
584 842 633 869 10,
650 839 702 871 45.
727 843 840 872 pacem
863 834 1043 871 petentibus
1061 832 1199 861 induciae
1220 840 1338 861 annuae
1353 831 1410 860 da—

261 882 315 912 tae,
333 877 385 915 46.
404 885 515 905 eorum
530 875 623 914 legati
640 875 805 906 Romanos
821 876 950 912 docent,
969 875 1116 905 Etruscos
1130 874 1268 904 concilia
1283 875 1322 904 de
1334 882 1412 913 pace

263 919 400 958 petenda
416 919 543 955 habere,
565 928 615 954 10,
637 928 686 957 14.

220 961 359 992 Faliscus
375 971 456 1000 ager,
479 971 529 998 10,
547 971 597 992 12.
623 965 673 993 26.
697 967 729 991 et
746 968 797 998 27.

221 1005 335 1035 Fames
351 1005 477 1040 Romae,
497 1015 526 1040 2,
546 1014 596 1043 34.
624 1014 654 1042 3,
680 1014 730 1042 32.
755 1010 856 1039 tanta,
879 1009 916 1034 ut
940 1003 1035 1033 multi
1060 1012 1101 1033 ex
1126 1001 1228 1041 plebe,
1252 1000 1413 1041 capitibus

262 1048 435 1083 obvolutis,
454 1048 482 1077 se
497 1048 530 1077 in
546 1048 689 1077 Tiberim
707 1048 945 1087 praecipitarint‚
961 1057 994 1085 4,
1015 1056 1064 1077 12.
1082 1046 1148 1075 vid.
1166 1053 1193 1074 et
1210 1052 1261 1085 52.
1279 1046 1412 1085 Capuae,

266 1100 318 1130 25,
339 1101 388 1130 ¹3-

222 1134 347 1164 Fanum
368 1133 555 1172 AEsculapii,
572 1133 687 1163 tabulis
705 1132 795 1172 piffis
810 1139 1014 1168 exornatum,
1032 1141 1089 1170 43,
1107 1134 1138 1162 6.

220 1193 265 1199 --
283 1176 453 1215 Apollinis,
471 1183 500 1206 et
516 1177 684 1206 oraculum
698 1177 739 1210 ad
756 1175 876 1206 Hieran
892 1176 1030 1212 Comen,
1049 1175 1102 1214 38,
1122 1183 1168 1205 12.
1183 1179 1214 1204 et
1234 1182 1282 1212 13.

221 1236 265 1242 —
279 1220 407 1253 Dianae,
428 1228 454 1253 1,
469 1228 522 1259 45.

220 1278 265 1285 —
281 1262 435 1298 Feroniae,
457 1271 485 1296 ι,
503 1271 555 1301 30.

220 1322 264 1328 —-
281 1305 442 1341 Herculis,
459 1315 514 1344 40,
533 1312 583 1345 51.

220 1364 265 1372 ·—
281 1347 423 1385 Pallmis,
446 1358 474 1383 1,
494 1356 545 1385 27.

220 1407 265 1414 —-
281 1391 416 1423 Pavoris.
435 1390 506 1421 ibid.

220 1450 265 1457 —
280 1434 483 1473 Proserpinae,
504 1442 554 1473 29,
575 1433 624 1464 18.
647 1432 828 1472 expilatum
845 1442 864 1462 a
881 1431 1053 1468 Pleminio,
1070 1441 1122 1471 29,
1139 1432 1170 1461 8.
1188 1437 1215 1459 et
1235 1431 1283 1460 18.
1304 1428 1371 1460 vid.
1386 1435 1417 1459 et

267 1486 321 1515 31,
342 1487 390 1507 12.
415 1487 468 1515 32,
490 1487 517 1507 1.

221 1536 265 1542 —
284 1520 421 1555 Quietis,
438 1530 470 1559 4,
489 1529 542 1558 41.

221 1562 436 1595 —Termini,
458 1572 484 1595 1,
501 1569 553 1601 55.

221 1604 482 1640 —Voltumnae,
497 1614 531 1643 4,
550 1613 601 1641 23.
626 1612 677 1642 25.
700 1609 731 1632 et
748 1604 801 1632 61.
825 1610 927 1642 5,17.
951 1603 980 1636 6,
997 1613 1027 1633 2.

225 1647 351 1677 Fanum
368 1648 533 1686 quomodo
549 1646 669 1676 differat
687 1646 726 1675 ab
742 1646 822 1682 aede,
846 1655 893 1682 10,
913 1654 963 1684 37.

225 1691 387 1720 Fanorum
404 1690 544 1729 expiatio
561 1690 594 1718 in
610 1689 697 1718 libris
714 1698 767 1728 per
781 1689 969 1718 duumviros
984 1687 1126 1727 quaesita,
1143 1694 1173 1726 5,
1193 1693 1244 1726 50.

224 1734 259 1763 in
279 1733 370 1763 Fanis
394 1733 560 1769 omnibus,
578 1733 608 1761 in
633 1733 749 1770 quibus
772 1731 997 1761 lefflisternium
1017 1730 1172 1768 majorem
1198 1735 1320 1769 partem
1337 1728 1414 1758 anni

267 1776 333 1806 fieri
351 1776 438 1812 solet,
455 1775 598 1805 eonsules
615 1785 659 1804 re<
674 1776 797 1805 divinas
813 1775 986 1812 majoribus
1003 1774 1110 1804 hostiis
1127 1774 1261 1809 faciunt,
1280 1773 1334 1811 36,
1356 1781 1382 1802 1.

226 1819 327 1849 Farris
343 1818 464 1848 selibrae
482 1819 529 1848 M.
547 1818 673 1847 Manlio
689 1818 784 1853 datae,
803 1824 834 1856 5,
852 1825 905 1856 47.

227 1862 336 1892 Fasces
349 1871 415 1890 non
432 1861 530 1890 ambo
546 1860 691 1890 consules
707 1861 738 1889 in
756 1860 832 1889 urbe
848 1861 982 1898 habent,
1001 1870 1032 1899 2,
1051 1869 1079 1889 1.

225 1921 269 1927 —-
285 1904 404 1943 populo
418 1903 556 1933 submiffi
569 1913 587 1932 a
605 1904 635 1932 P.
654 1902 792 1939 Valerio,
811 1913 841 1939 2,
860 1911 888 1940 7.

223 1963 268 1970 —
282 1948 366 1985 capti
383 1956 401 1976 a
420 1947 538 1982 Poenis,
557 1952 720 1984 ponuntur
738 1952 811 1975 ante
828 1945 965 1975 tribunal
985 1945 1195 1984 imperatoris,
1215 1950 1266 1983 25,
1286 1943 1335 1973 16.

225 2006 271 2012 —
286 1999 303 2019 a
320 1989 527 2019 multitudine
541 1990 701 2018 concitata
717 1989 918 2026 franguntur,
938 2000 966 2022 z,
984 1995 1036 2028 55.
1063 1997 1093 2025 3,
1110 1997 1164 2027 49.

228 2033 307 2062 Fasti
324 2033 391 2062 dies
406 2031 478 2061 faffi
492 2041 510 2060 a
527 2040 597 2070 rege
612 2031 736 2067 Numa,
756 2041 766 2060 1
777 2053 785 2067 ‚
803 2041 851 2071 ¹9·

227 2076 333 2105 fastos
357 2076 441 2104 circa
463 2075 568 2104 forum
587 2075 618 2103 in
636 2074 709 2104 albo
732 2074 880 2112 proponit
905 2072 1044 2109 Flavius,
1062 2077 1109 2109 ut,
1126 2071 1255 2111 quando
1281 2070 1350 2110 lege
1365 2071 1414 2110 agi

271 2118 382 2156 posset,
399 2118 540 2152 sciretur,
559 2128 592 2157 9,
610 2118 662 2156 46.

228 2161 320 2196 Fasti,
338 2161 370 2189 in
388 2169 467 2199 quos
485 2161 619 2189 nomina
635 2158 804 2188 consulum
821 2157 1075 2196 difflatorumque
1098 2166 1174 2187 cum
1193 2166 1306 2187 eorum
1324 2155 1416 2186 rebus

271 2204 362 2242 gestis
379 2202 602 2238 referebantur,
621 2213 652 2241 9,
674 2203 724 2231 18.

229 2246 351 2276 Fatales
365 2245 448 2282 libri,
461 2244 527 2275 vid.
543 2243 702 2283 Sibyllini,
719 2251 746 2272 et
763 2243 856 2273 Libri.

230 2289 349 2318 Fauces
364 2289 402 2317 ad
422 2288 643 2326 Antigoniam,
664 2296 717 2325 32,
737 2294 765 2326 5.

230 2331 350 2361 Fauces
369 2331 490 2366 Isthmi,
509 2340 560 2368 32,
578 2339 628 2361 21.

231 2374 350 2405 Fauces
363 2374 557 2408 Thessaliam
572 2373 611 2403 ab
626 2372 824 2402 Athamania
840 2371 1029 2408 dividentes,
1049 2379 1101 2409 32,
1123 2379 1171 2409 14.
