1572 2616
261 176 341 230 146
596 188 763 218 1NDEx
798 189 854 218 IN
886 190 932 219 Τ.
958 190 1092 220 Lrvu

256 268 308 301 M.
324 266 482 305 Manlius,
497 266 646 298 tribunus
662 268 806 300 militum
822 269 980 300 consulari
998 272 1163 310 potestate,
1176 280 1210 311 4,
1224 280 1279 311 44.

256 313 306 345 M.
323 311 481 349 Manlius,
496 312 548 342 cui
572 311 755 351 Capitolino
770 314 831 343 fuit
853 323 1049 353 cognomen,
1064 321 1187 344 creatur
1209 314 1333 351 consul,
1351 321 1383 355 5,
1398 324 1452 354 31.

298 356 377 387 facit
396 355 489 385 ludos
517 364 666 394 magnos,
685 355 757 386 ibid.
783 357 957 395 ingreditur
978 357 1092 387 urbem
1116 367 1228 394 ovans,
1253 358 1326 389 ibid.
1351 359 1452 389 servat

298 408 408 431 arcem
425 398 622 435 Romanam,
639 406 693 438 47.
706 400 856 437 interrex,
873 403 907 437 6,
925 408 955 440 5.
972 409 1077 439 pravae
1093 400 1161 438 ejus
1184 402 1330 432 adversus
1346 401 1453 432 Patres

298 442 498 478 molitiones,
518 451 567 473 11.
591 442 779 473 seditionem
803 451 924 481 movet,
942 453 990 482 14.
1007 450 1038 473 et
1065 453 1113 484 15.
1131 445 1269 475 mittitur
1290 445 1323 475 in
1347 453 1453 475 caree-

299 495 382 523 rem,
404 486 451 516 16.
468 494 486 515 e
502 494 626 515 carcere
642 495 740 525 quare
755 485 900 522 eduCtus,
922 496 933 516 1
944 495 972 524 7.
988 487 1056 524 ejus
1074 487 1183 517 seditio
1198 495 1379 524 renovatur,
1401 490 1452 518 18.

297 530 456 560 advocata
470 528 608 559 domum
627 529 731 568 plebe,
750 530 911 560 invehitur
927 531 959 559 in
977 530 1093 567 Patres,
1110 537 1141 560 et
1164 532 1202 560 de
1225 540 1323 571 regno
1340 531 1454 570 incipit

299 582 405 612 agere,
427 571 502 601 ibid.
524 572 643 602 tribuni
669 572 770 612 plebis
796 573 857 602 sese
881 574 1025 603 adversus
1049 583 1125 604 eum
1149 573 1293 613 jungunt
1318 575 1452 611 senatui,

302 627 353 657 19.
377 616 406 646 ei
429 615 496 645 dies
521 615 650 653 dicitur,
675 626 726 647 20.
750 616 818 654 ejus
841 616 992 651 defensio,
1017 616 1089 645 ibid.
1114 618 1300 654 damnatus,
1316 617 1355 647 de
1378 618 1454 647 saxo

299 659 437 699 Tarpeio
453 658 614 696 dejicitur,
630 658 702 690 ibid.
719 659 746 688 ei
765 666 894 689 mortuo
910 660 1040 698 adjefitae
1053 666 1153 697 notae,
1166 660 1241 690 ibid.

254 703 291 736 P.
316 702 474 739 Manlius,
497 702 645 732 tribunus
675 702 819 732 militum
850 703 1006 733 consulari
1032 705 1192 741 potestate,
1217 704 1250 740 6,
1268 712 1318 742 30.
1342 703 1369 732 ei
1387 702 1453 733 fine

300 746 394 781 sorte,
415 752 505 776 extra
526 745 687 782 ordinem,
701 745 807 776 Volsci
832 746 997 785 provincia
1018 747 1104 784 data,
1121 746 1193 777 ibid.
1209 746 1294 778 male
1309 755 1377 777 rem
1402 756 1455 786 ge-

300 791 352 827 rit,
369 788 440 819 ibid.
457 795 581 819 creatur
593 789 738 825 diftator,
753 791 804 827 38.

254 833 290 866 P.
308 832 453 864 Manlius
468 832 615 862 triumvir
638 831 742 871 Epulo
764 832 877 869 faetus,
896 841 947 871 33,
964 843 1018 872 42.
1042 840 1165 863 creatur
1187 839 1314 872 praetor,
1332 832 1402 863 ibid.
1421 833 1454 863 in

298 876 491 916 Hispaniam
507 875 686 905 citeriorem
703 874 829 913 adjutor
845 875 967 906 consuli
984 876 1088 912 datur,
1111 886 1164 916 43.
1182 877 1283 906 vincit
1296 877 1454 906 Turdeta-

299 929 372 956 nos,
397 929 451 959 34,
472 926 522 956 17.
548 925 662 959 praetor
686 919 816 955 iterum,
845 929 899 959 39,
925 919 977 959 56.
1001 919 1125 949 sortitur
1152 920 1342 959 Hispaniam
1373 919 1455 949 ulte-

300 964 429 998 riorem,
446 971 501 1001 40,
522 972 548 992 1.
566 962 644 1001 quid
657 971 762 992 rerum
780 962 822 992 ibi
835 962 968 1001 gesserit,
988 963 1036 992 16.
1054 969 1085 992 et
1102 972 1153 1001 34.
1172 963 1319 999 moritur,
1336 972 1390 1001 42.

255 1007 290 1039 P.
308 1005 452 1037 Manlius
469 1005 580 1042 Vulso,
595 1011 721 1045 praetor,
739 1007 794 1042 26,
812 1015 864 1044 23.
888 1006 1069 1036 Sardiniam
1085 1006 1238 1042 obtinuit,
1256 1014 1309 1043 27,
1327 1007 1357 1036 6.
1376 1011 1406 1035 et
1423 1012 1453 1043 7.

255 1051 296 1082 T.
310 1049 454 1080 Manlius
470 1049 505 1078 L.
524 1049 558 1078 F.
574 1058 593 1078 a
619 1055 706 1088 patre
727 1058 779 1079 rus
807 1048 974 1088 relegatus,
993 1055 1024 1086 7,
1040 1058 1072 1088 4.
1096 1050 1282 1087 generosum
1306 1055 1337 1079 et
1360 1049 1452 1089 pium

298 1093 339 1124 T.
357 1092 473 1123 Manlii
489 1091 624 1129 faCtum,
643 1099 672 1132 5.
689 1092 837 1122 tribunus
861 1092 1006 1122 militum
1022 1093 1169 1131 suffragio
1192 1091 1301 1132 populi
1320 1099 1454 1129 creatur,

299 1136 373 1167 ibid.
397 1141 520 1175 pugnat
536 1144 613 1165 cum
631 1135 738 1171 Gallo,
757 1144 855 1174 quem
872 1136 986 1172 vincit,
1008 1144 1055 1165 10.
1073 1145 1170 1174 quare
1193 1136 1295 1165 dietus
1309 1136 1456 1173 Torqua-

299 1187 366 1217 tus,
383 1179 456 1209 ibid.
479 1179 618 1208 donatur
633 1187 652 1207 a
674 1178 826 1208 difflatore
849 1187 967 1208 corona
991 1187 1098 1214 aurea,
1122 1178 1195 1209 ibid.
1219 1179 1335 1209 dicitur
1357 1179 1456 1208 dieta-

299 1229 362 1260 tor,
382 1232 431 1262 ¹9·
456 1222 585 1258 iterum,
602 1223 653 1252 26.
678 1221 801 1258 consul,
821 1227 872 1257 27.
895 1221 1075 1251 secundum
1098 1220 1221 1256 consul,
1247 1223 1297 1252 28.
1323 1222 1455 1251 tertium

302 1265 427 1303 consul,
446 1266 478 1303 8,
495 1275 525 1303 3.
541 1264 610 1302 ejus
633 1264 673 1294 ad
696 1263 791 1304 legati
815 1264 919 1294 Latini
943 1264 1111 1303 superbam
1135 1266 1313 1294 orationem
1329 1264 1456 1303 respon-

298 1308 356 1345 fio,
375 1315 405 1348 5.
431 1308 639 1348 proficiscitur
665 1308 706 1338 ad
724 1307 862 1344 bellum,
880 1308 911 1337 6.
937 1307 1044 1337 filium
1071 1307 1168 1337 securi
1199 1308 1348 1346 percutit,
1365 1314 1393 1345 7.
1421 1310 1454 1337 il).

298 1361 409 1392 pugna
431 1351 577 1381 adversus
608 1351 736 1381 Latinos
759 1351 876 1381 virtute
899 1350 1096 1390 consilioque
1118 1352 1276 1390 egregius,
1303 1360 1353 1381 10.
1377 1351 1456 1380 redit

300 1396 455 1431 Romam,
472 1395 525 1425 cui
550 1394 686 1425 seniores
709 1400 840 1424 tantum
863 1394 996 1424 obviam
1021 1394 1160 1431 iverunt,
1181 1394 1354 1432 juventute
1383 1403 1456 1424 eam

298 1439 493 1471 exsecrante,
517 1447 566 1468 12.

253 1483 294 1514 T.
312 1481 456 1513 Manlius
471 1482 669 1520 Torquatus,
686 1479 811 1517 consul,
833 1490 883 1518 10,
902 1489 932 1519 9.
946 1490 986 1510 ex
1003 1489 1087 1518 equo
1101 1479 1221 1520 lapsus,
1237 1480 1384 1518 moritur,
1404 1490 1415 1510 1
1427 1489 1454 1509 1.

253 1527 296 1558 T.
313 1524 458 1557 Manlius
471 1525 669 1563 Torquatus,
682 1533 721 1554 eo
736 1524 879 1560 consule,
893 1524 968 1553 Jani
983 1524 1066 1553 aedes
1082 1523 1200 1561 clausa,
1220 1534 1249 1560 1,
1271 1533 1319 1562 ¹9-

343 1568 462 1605 censet,
480 1577 546 1597 non
563 1567 766 1597 redimendos
783 1567 842 1596 effe
866 1567 1009 1606 captivos
1026 1566 1222 1603 Cannenses,
1242 1577 1295 1603 22,
1312 1567 1364 1596 60.
1381 1567 1457 1596 mit-

297 1613 377 1643 titur
400 1620 478 1641 cum
502 1611 637 1649 imperio
659 1611 692 1638 in
715 1610 910 1647 Sardiniam,
929 1619 982 1647 23,
1001 1619 1052 1648 34.
1078 1609 1190 1639 Sardos
1211 1610 1335 1646 domat,
1355 1619 1407 1648 40.
1427 1616 1454 1637 ct

297 1664 351 1695 41.
370 1653 599 1694 pontificatum
616 1652 803 1682 maximum
817 1653 895 1691 petit
910 1652 1032 1688 frustra,
1051 1660 1105 1690 25,
1125 1659 1153 1691 5.
1171 1652 1293 1682 recusat
1308 1651 1457 1682 consula-

299 1705 386 1734 tum,
406 1698 459 1733 26,
480 1706 530 1728 22.
554 1696 763 1726 comitiorum
779 1702 811 1725 et
834 1695 985 1725 ludorum
1004 1695 1224 1725 faciendorum
1240 1695 1359 1733 caussa,
1376 1695 1455 1724 dici·

301 1748 351 1772 tur
367 1740 512 1775 dietator,
530 1747 582 1775 27,
603 1748 654 1777 33.
677 1738 771 1768 ludos
787 1738 875 1776 facit,
892 1745 923 1768 et
938 1737 1073 1768 lustrum
1089 1745 1193 1772 vovet,
1210 1737 1282 1768 ibid.

255 1787 298 1817 T.
315 1783 461 1815 Manlius
474 1783 671 1821 Torquatus,
688 1788 817 1820 praetor,
830 1790 886 1821 43,
899 1791 930 1819 4.
949 1781 1092 1820 pontifex
1108 1780 1234 1820 legitur,
1256 1791 1304 1820 13·

259 1829 419 1864 Mannus,
444 1826 549 1856 servus
578 1825 822 1864 Campanorum
854 1824 1074 1860 Calaviorum,
1105 1824 1239 1859 indicat,
1267 1824 1456 1854 incendium

301 1872 418 1902 Romae
439 1869 548 1899 fraude
571 1869 815 1907 Campanorum
831 1867 965 1906 fa&um‚
981 1868 1034 1904 26,
1053 1876 1105 1905 27.
1122 1868 1150 1897 ei
1176 1867 1303 1898 libertas
1326 1868 1412 1904 data,
1425 1874 1456 1897 et

301 1914 417 1953 viginti
435 1912 538 1942 millia
552 1912 636 1948 aeris,
654 1911 726 1940 ibid.
830 1905 843 1917 ⁹

260 1957 413 1993 Mantua,
431 1966 483 1995 24,
501 1964 551 1985 ιο.

264 2000 444 2034 Manubiae,
463 2007 513 2033 10,
529 1998 583 2037 46.
600 1997 639 2027 de
656 1995 821 2026 Manubiis
837 1995 921 2026 aedes
937 1996 1037 2026 Fortis
1053 1995 1203 2026 Fortunae
1219 1994 1313 2031 fafita,
1331 1995 1402 2024 ibid.

263 2041 469 2078 Manumiffi,
485 2049 516 2078 7,
539 2040 588 2070 16.
605 2040 655 2069 lex
680 2040 719 2069 de
735 2039 886 2069 vicefima
902 2039 1174 2069 Manumifl'orum
1192 2039 1224 2067 in
1241 2039 1346 2068 castris
1362 2048 1381 2068 a
1396 2038 1457 2069 Cn.

309 2085 448 2121 Manlio,
461 2082 603 2119 consule,
620 2082 697 2119 lata,
712 2082 787 2112 ibid.

266 2132 387 2163 Manus
410 2127 451 2158 ad
473 2126 589 2166 digitos
612 2126 711 2165 usque
734 2124 887 2155 involutae
904 2124 938 2155 in
965 2133 997 2154 re
1016 2123 1126 2154 divina
1142 2124 1228 2154 Fidei
1244 2123 1406 2162 faciunda,
1429 2134 1458 2161 r,

312 2183 364 2204 21.

268 2217 389 2247 Manus
405 2211 544 2251 religiose
560 2211 700 2241 admotae
714 2210 859 2240 Deorum
876 2209 983 2248 signis,
1001 2217 1032 2249 5,
1050 2219 1101 2241 22.

267 2258 423 2290 Manibus
446 2256 486 2286 ad
508 2254 629 2284 coelum
654 2253 797 2291 sublatis,
813 2260 959 2292 precatur
974 2253 1022 2283 M.
1038 2252 1150 2283 Furius
1173 2252 1340 2287 Camillus,
1357 2262 1389 2293 5,
1407 2262 1459 2285 21.

269 2301 427 2332 Manibus
443 2299 482 2328 ad
499 2297 621 2328 coelum
639 2296 800 2336 porreStis,
819 2296 867 2326 M.
880 2296 1009 2326 Curtius
1025 2296 1054 2326 se
1070 2297 1216 2333 devovet,
1236 2303 1266 2334 7,
1285 2296 1315 2326 6.

272 2346 391 2376 Manus
407 2342 542 2381 praecisae
556 2340 806 2380 speculatoribus
821 2339 1034 2378 deprehensis,
1054 2350 1107 2376 22,
1126 2349 1178 2378 33.
1201 2345 1233 2369 et
1250 2340 1303 2376 26,
1324 2347 1373 2370 12.

272 2389 392 2418 Manus
407 2385 512 2414 ferreae
528 2384 567 2413 ad
584 2392 679 2413 naves
696 2382 842 2413 sistendas
857 2389 913 2414 aut
927 2383 1260 2423 comprehendendas,
1274 2382 1323 2421 36,
1340 2390 1394 2421 44.

270 2429 415 2469 Mapalia
431 2426 666 2467 Maffyliorum,
684 2436 737 2466 29,
756 2436 808 2465 31.

1544 2297 1545 2328 l

1542 2338 1545 2373 l
