<?xml version="1.0" encoding="UTF-8"?>
<!DOCTYPE html PUBLIC "-//W3C//DTD XHTML 1.0 Transitional//EN"
    "http://www.w3.org/TR/xhtml1/DTD/xhtml1-transitional.dtd">
<html xmlns="http://www.w3.org/1999/xhtml" xml:lang="en" lang="en">
 <head>
  <title>
</title>
<meta http-equiv="Content-Type" content="text/html;charset=utf-8" />
  <meta name='ocr-system' content='tesseract 3.04.00' />
  <meta name='ocr-capabilities' content='ocr_page ocr_carea ocr_par ocr_line ocrx_word'/>
</head>
<body>
  <div class='ocr_page' id='page_1' title='image "./historiarumquaes05livyuoft_0070.png"; bbox 0 0 1572 2616; ppageno 0'>
   <div class='ocr_carea' id='block_1_1' title="bbox 188 154 1027 200">
    <p class='ocr_par' dir='ltr' id='par_1_1' title="bbox 188 154 1027 200">
     <span class='ocr_line' id='line_1_1' title="bbox 188 154 1027 200; baseline -0.002 -15"><span class='ocrx_word' id='word_1_1' title='bbox 188 154 246 200; x_wconf 85' lang='lat'>54</span> <span class='ocrx_word' id='word_1_2' title='bbox 527 155 698 191; x_wconf 55' lang='lat' dir='ltr'>,rumix</span> <span class='ocrx_word' id='word_1_3' title='bbox 735 155 788 183; x_wconf 82' lang='lat' dir='ltr'>IN</span> <span class='ocrx_word' id='word_1_4' title='bbox 824 154 868 184; x_wconf 85' lang='lat' dir='ltr'>T.</span> <span class='ocrx_word' id='word_1_5' title='bbox 895 155 1027 188; x_wconf 77' lang='lat' dir='ltr'>mvn</span> 
     </span>
    </p>
   </div>
   <div class='ocr_carea' id='block_1_2' title="bbox 187 232 1382 534">
    <p class='ocr_par' dir='ltr' id='par_1_2' title="bbox 187 232 1382 534">
     <span class='ocr_line' id='line_1_2' title="bbox 229 232 1380 274; baseline -0.002 -8"><span class='ocrx_word' id='word_1_6' title='bbox 229 234 279 266; x_wconf 84' lang='lat' dir='ltr'>dit</span> <span class='ocrx_word' id='word_1_7' title='bbox 293 233 481 272; x_wconf 82' lang='lat' dir='ltr'>Celtiberos,</span> <span class='ocrx_word' id='word_1_8' title='bbox 498 244 551 274; x_wconf 84' lang='lat'>31·</span> <span class='ocrx_word' id='word_1_9' title='bbox 575 244 675 266; x_wconf 82' lang='lat' dir='ltr'>ovans</span> <span class='ocrx_word' id='word_1_10' title='bbox 688 235 863 273; x_wconf 82' lang='lat' dir='ltr'>ingreditur</span> <span class='ocrx_word' id='word_1_11' title='bbox 878 233 1006 271; x_wconf 82' lang='lat' dir='ltr'>urbem,</span> <span class='ocrx_word' id='word_1_12' title='bbox 1021 243 1073 272; x_wconf 80' lang='lat'>33.</span> <span class='ocrx_word' id='word_1_13' title='bbox 1091 233 1212 273; x_wconf 79' lang='lat' dir='ltr'>legatus</span> <span class='ocrx_word' id='word_1_14' title='bbox 1229 234 1268 264; x_wconf 73' lang='lat' dir='ltr'>acl</span> <span class='ocrx_word' id='word_1_15' title='bbox 1281 232 1380 264; x_wconf 78' lang='lat' dir='ltr'>Thes·</span> 
     </span>
     <span class='ocr_line' id='line_1_3' title="bbox 230 277 1379 317; baseline -0.001 -9"><span class='ocrx_word' id='word_1_16' title='bbox 230 277 312 309; x_wconf 88' lang='lat' dir='ltr'>salos</span> <span class='ocrx_word' id='word_1_17' title='bbox 327 287 441 309; x_wconf 91' lang='lat' dir='ltr'>eorum</span> <span class='ocrx_word' id='word_1_18' title='bbox 464 278 634 308; x_wconf 80' lang='lat' dir='ltr'>discordias</span> <span class='ocrx_word' id='word_1_19' title='bbox 656 278 836 317; x_wconf 84' lang='lat' dir='ltr'>componit,</span> <span class='ocrx_word' id='word_1_20' title='bbox 852 287 907 317; x_wconf 85' lang='lat'>42,</span> <span class='ocrx_word' id='word_1_21' title='bbox 925 287 956 316; x_wconf 83' lang='lat'>5.</span> <span class='ocrx_word' id='word_1_22' title='bbox 980 277 1101 316; x_wconf 82' lang='lat' dir='ltr'>legatus</span> <span class='ocrx_word' id='word_1_23' title='bbox 1118 278 1155 307; x_wconf 86' lang='lat' dir='ltr'>ad</span> <span class='ocrx_word' id='word_1_24' title='bbox 1174 287 1219 307; x_wconf 82' lang='lat' dir='ltr'>res</span> <span class='ocrx_word' id='word_1_25' title='bbox 1236 283 1379 317; x_wconf 87' lang='lat' dir='ltr'>repeten-</span> 
     </span>
     <span class='ocr_line' id='line_1_4' title="bbox 231 320 1382 360; baseline -0.001 -8"><span class='ocrx_word' id='word_1_26' title='bbox 231 321 288 352; x_wconf 82' lang='lat' dir='ltr'>das</span> <span class='ocrx_word' id='word_1_27' title='bbox 304 321 337 351; x_wconf 89' lang='lat' dir='ltr'>in</span> <span class='ocrx_word' id='word_1_28' title='bbox 351 321 581 352; x_wconf 74' lang='lat' dir='ltr'>Macedoniam</span> <span class='ocrx_word' id='word_1_29' title='bbox 597 320 721 358; x_wconf 74' lang='lat' dir='ltr'>missus,</span> <span class='ocrx_word' id='word_1_30' title='bbox 734 321 826 358; x_wconf 79' lang='lat' dir='ltr'>redit,</span> <span class='ocrx_word' id='word_1_31' title='bbox 843 330 892 360; x_wconf 82' lang='lat'>25.</span> <span class='ocrx_word' id='word_1_32' title='bbox 917 330 935 350; x_wconf 87' lang='lat' dir='ltr'>a</span> <span class='ocrx_word' id='word_1_33' title='bbox 948 320 1078 351; x_wconf 88' lang='lat' dir='ltr'>consule</span> <span class='ocrx_word' id='word_1_34' title='bbox 1091 320 1228 351; x_wconf 87' lang='lat' dir='ltr'>Hostilio</span> <span class='ocrx_word' id='word_1_35' title='bbox 1243 322 1382 351; x_wconf 86' lang='lat' dir='ltr'>mittitur</span> 
     </span>
     <span class='ocr_line' id='line_1_5' title="bbox 232 362 1151 405; baseline -0.001 -11"><span class='ocrx_word' id='word_1_36' title='bbox 232 364 266 394; x_wconf 86' lang='lat' dir='ltr'>in</span> <span class='ocrx_word' id='word_1_37' title='bbox 282 362 463 404; x_wconf 76' lang='lat' dir='ltr'>Illyricum,</span> <span class='ocrx_word' id='word_1_38' title='bbox 480 374 534 405; x_wconf 88' lang='lat'>43,</span> <span class='ocrx_word' id='word_1_39' title='bbox 556 374 604 395; x_wconf 88' lang='grc'>11.</span> <span class='ocrx_word' id='word_1_40' title='bbox 628 364 762 394; x_wconf 79' lang='lat' dir='ltr'>caeditur</span> <span class='ocrx_word' id='word_1_41' title='bbox 776 364 816 394; x_wconf 86' lang='lat' dir='ltr'>ab</span> <span class='ocrx_word' id='word_1_42' title='bbox 834 363 1081 401; x_wconf 78' lang='lat' dir='ltr'>Uscanensibus,</span> <span class='ocrx_word' id='word_1_43' title='bbox 1101 373 1151 395; x_wconf 85' lang='lat'>12.</span> 
     </span>
     <span class='ocr_line' id='line_1_6' title="bbox 187 406 1382 447; baseline -0.002 -9"><span class='ocrx_word' id='word_1_44' title='bbox 187 407 226 439; x_wconf 80' lang='lat' dir='ltr'>C.</span> <span class='ocrx_word' id='word_1_45' title='bbox 242 406 395 439; x_wconf 87' lang='lat' dir='ltr'>Claudius</span> <span class='ocrx_word' id='word_1_46' title='bbox 416 409 479 447; x_wconf 86' lang='lat' dir='ltr'>Ap.</span> <span class='ocrx_word' id='word_1_47' title='bbox 497 409 531 438; x_wconf 89' lang='lat' dir='ltr'>F.</span> <span class='ocrx_word' id='word_1_48' title='bbox 547 406 669 440; x_wconf 89' lang='lat' dir='ltr'>consul,</span> <span class='ocrx_word' id='word_1_49' title='bbox 687 416 719 444; x_wconf 81' lang='lat'>3,</span> <span class='ocrx_word' id='word_1_50' title='bbox 741 416 790 446; x_wconf 84' lang='lat'>15.</span> <span class='ocrx_word' id='word_1_51' title='bbox 812 413 922 446; x_wconf 85' lang='lat' dir='ltr'>petens</span> <span class='ocrx_word' id='word_1_52' title='bbox 945 407 1198 437; x_wconf 88' lang='lat' dir='ltr'>decemviratum</span> <span class='ocrx_word' id='word_1_53' title='bbox 1222 406 1382 445; x_wconf 73' lang='lat' dir='ltr'>repulsam</span> 
     </span>
     <span class='ocr_line' id='line_1_7' title="bbox 229 450 1382 491; baseline -0.002 -10"><span class='ocrx_word' id='word_1_54' title='bbox 229 451 361 490; x_wconf 81' lang='lat' dir='ltr'>patitur,</span> <span class='ocrx_word' id='word_1_55' title='bbox 379 458 430 491; x_wconf 79' lang='lat'>35.</span> <span class='ocrx_word' id='word_1_56' title='bbox 454 450 523 488; x_wconf 86' lang='lat' dir='ltr'>ejus</span> <span class='ocrx_word' id='word_1_57' title='bbox 539 451 638 480; x_wconf 89' lang='lat' dir='ltr'>oratio</span> <span class='ocrx_word' id='word_1_58' title='bbox 655 451 694 480; x_wconf 87' lang='lat' dir='ltr'>ad</span> <span class='ocrx_word' id='word_1_59' title='bbox 710 450 854 489; x_wconf 87' lang='lat' dir='ltr'>Appium</span> <span class='ocrx_word' id='word_1_60' title='bbox 874 450 1108 485; x_wconf 78' lang='lat' dir='ltr'>decemvirum,</span> <span class='ocrx_word' id='word_1_61' title='bbox 1123 460 1177 490; x_wconf 87' lang='lat'>40.</span> <span class='ocrx_word' id='word_1_62' title='bbox 1194 457 1261 480; x_wconf 84' lang='lat' dir='ltr'>orat</span> <span class='ocrx_word' id='word_1_63' title='bbox 1279 459 1382 489; x_wconf 85' lang='lat' dir='ltr'>popu-</span> 
     </span>
     <span class='ocr_line' id='line_1_8' title="bbox 194 493 1382 534; baseline -0.002 -11"><span class='ocrx_word' id='word_1_64' title='bbox 194 526 198 528; x_wconf 44' lang='lat'>,</span> <span class='ocrx_word' id='word_1_65' title='bbox 229 494 302 524; x_wconf 87' lang='lat' dir='ltr'>lum</span> <span class='ocrx_word' id='word_1_66' title='bbox 319 503 375 534; x_wconf 88' lang='lat' dir='ltr'>pro</span> <span class='ocrx_word' id='word_1_67' title='bbox 391 494 498 534; x_wconf 92' lang='lat' dir='ltr'>Appio</span> <span class='ocrx_word' id='word_1_68' title='bbox 513 503 580 530; x_wconf 91' lang='lat' dir='ltr'>reo,</span> <span class='ocrx_word' id='word_1_69' title='bbox 599 494 650 533; x_wconf 87' lang='lat'>58.</span> <span class='ocrx_word' id='word_1_70' title='bbox 668 493 772 523; x_wconf 86' lang='lat' dir='ltr'>censet</span> <span class='ocrx_word' id='word_1_71' title='bbox 786 503 876 523; x_wconf 88' lang='lat' dir='ltr'>arma</span> <span class='ocrx_word' id='word_1_72' title='bbox 892 493 1048 533; x_wconf 84' lang='lat' dir='ltr'>capienda</span> <span class='ocrx_word' id='word_1_73' title='bbox 1063 493 1210 524; x_wconf 73' lang='lat' dir='ltr'>adversus</span> <span class='ocrx_word' id='word_1_74' title='bbox 1227 493 1382 526; x_wconf 81' lang='lat' dir='ltr'>tribunos,</span> 
     </span>
    </p>
   </div>
   <div class='ocr_carea' id='block_1_3' title="bbox 182 538 1381 618">
    <p class='ocr_par' dir='ltr' id='par_1_3' title="bbox 182 538 1381 618">
     <span class='ocr_line' id='line_1_9' title="bbox 182 538 1381 618; baseline -0.003 -8"><span class='ocrx_word' id='word_1_75' title='bbox 182 538 395 611; x_wconf 55' lang='lat' dir='ltr'>-C.4Elgudius</span> <span class='ocrx_word' id='word_1_76' title='bbox 411 579 536 617; x_wconf 88' lang='lat' dir='ltr'>Cicero,</span> <span class='ocrx_word' id='word_1_77' title='bbox 552 578 700 610; x_wconf 89' lang='lat' dir='ltr'>tribunus</span> <span class='ocrx_word' id='word_1_78' title='bbox 715 577 830 618; x_wconf 88' lang='lat' dir='ltr'>plebis,</span> <span class='ocrx_word' id='word_1_79' title='bbox 843 578 986 610; x_wconf 86' lang='lat' dir='ltr'>Romilio</span> <span class='ocrx_word' id='word_1_80' title='bbox 998 578 1121 610; x_wconf 89' lang='lat' dir='ltr'>consuli</span> <span class='ocrx_word' id='word_1_81' title='bbox 1137 578 1224 610; x_wconf 58' lang='lat' dir='ltr'>etiem</span> <span class='ocrx_word' id='word_1_82' title='bbox 1239 578 1330 616; x_wconf 86' lang='lat' dir='ltr'>dicit,</span> <span class='ocrx_word' id='word_1_83' title='bbox 1349 586 1381 616; x_wconf 87' lang='lat'>3,</span> 
     </span>
    </p>
   </div>
   <div class='ocr_carea' id='block_1_4' title="bbox 175 632 1386 2423">
    <p class='ocr_par' dir='ltr' id='par_1_4' title="bbox 231 632 284 661">
     <span class='ocr_line' id='line_1_10' title="bbox 231 632 284 661; baseline 0.019 -9"><span class='ocrx_word' id='word_1_84' title='bbox 231 632 246 661; x_wconf 81' lang='lat'>3</span> <span class='ocrx_word' id='word_1_85' title='bbox 257 632 284 653; x_wconf 85' lang='grc'>1.</span> 
     </span>
    </p>

    <p class='ocr_par' dir='ltr' id='par_1_5' title="bbox 187 664 821 704">
     <span class='ocr_line' id='line_1_11' title="bbox 187 664 821 704; baseline -0.002 -9"><span class='ocrx_word' id='word_1_86' title='bbox 187 665 225 695; x_wconf 91' lang='lat' dir='ltr'>C.</span> <span class='ocrx_word' id='word_1_87' title='bbox 243 665 397 696; x_wconf 86' lang='lat' dir='ltr'>Claudius</span> <span class='ocrx_word' id='word_1_88' title='bbox 412 664 613 704; x_wconf 79' lang='lat' dir='ltr'>Regillenfis,</span> <span class='ocrx_word' id='word_1_89' title='bbox 630 664 776 701; x_wconf 60' lang='lat' dir='ltr'>dietator,</span> <span class='ocrx_word' id='word_1_90' title='bbox 790 670 821 694; x_wconf 88' lang='lat' dir='ltr'>et</span> 
     </span>
    </p>

    <p class='ocr_par' dir='ltr' id='par_1_6' title="bbox 185 706 1384 791">
     <span class='ocr_line' id='line_1_12' title="bbox 185 706 1384 747; baseline -0.005 -6"><span class='ocrx_word' id='word_1_91' title='bbox 185 708 224 743; x_wconf 84' lang='lat' dir='ltr'>C.</span> <span class='ocrx_word' id='word_1_92' title='bbox 242 707 395 741; x_wconf 86' lang='lat' dir='ltr'>Claudius</span> <span class='ocrx_word' id='word_1_93' title='bbox 419 708 584 745; x_wconf 87' lang='lat' dir='ltr'>Hortator‚</span> <span class='ocrx_word' id='word_1_94' title='bbox 605 708 751 747; x_wconf 85' lang='lat' dir='ltr'>magister</span> <span class='ocrx_word' id='word_1_95' title='bbox 773 707 936 747; x_wconf 88' lang='lat' dir='ltr'>equitum,</span> <span class='ocrx_word' id='word_1_96' title='bbox 952 707 1030 738; x_wconf 85' lang='lat' dir='ltr'>vitio</span> <span class='ocrx_word' id='word_1_97' title='bbox 1052 707 1161 745; x_wconf 84' lang='lat' dir='ltr'>creati,</span> <span class='ocrx_word' id='word_1_98' title='bbox 1178 706 1330 738; x_wconf 76' lang='lat' dir='ltr'>abdicant</span> <span class='ocrx_word' id='word_1_99' title='bbox 1353 706 1384 736; x_wconf 85' lang='lat' dir='ltr'>se</span> 
     </span>
     <span class='ocr_line' id='line_1_13' title="bbox 230 752 544 791; baseline 0 -9"><span class='ocrx_word' id='word_1_100' title='bbox 230 752 428 791; x_wconf 85' lang='lat' dir='ltr'>magistratu,</span> <span class='ocrx_word' id='word_1_101' title='bbox 446 752 544 791; x_wconf 84' lang='lat'>8,15</span> 
     </span>
    </p>

    <p class='ocr_par' dir='ltr' id='par_1_7' title="bbox 187 792 1317 833">
     <span class='ocr_line' id='line_1_14' title="bbox 187 792 1317 833; baseline -0.001 -8"><span class='ocrx_word' id='word_1_102' title='bbox 187 794 225 825; x_wconf 87' lang='lat' dir='ltr'>C.</span> <span class='ocrx_word' id='word_1_103' title='bbox 242 794 398 826; x_wconf 85' lang='lat' dir='ltr'>Claudius</span> <span class='ocrx_word' id='word_1_104' title='bbox 415 795 511 833; x_wconf 87' lang='lat' dir='ltr'>Appii</span> <span class='ocrx_word' id='word_1_105' title='bbox 526 794 559 824; x_wconf 89' lang='lat' dir='ltr'>F.</span> <span class='ocrx_word' id='word_1_106' title='bbox 576 793 715 830; x_wconf 89' lang='lat' dir='ltr'>Centho,</span> <span class='ocrx_word' id='word_1_107' title='bbox 732 794 883 830; x_wconf 81' lang='lat' dir='ltr'>interrex,</span> <span class='ocrx_word' id='word_1_108' title='bbox 900 803 953 830; x_wconf 88' lang='lat'>22,</span> <span class='ocrx_word' id='word_1_109' title='bbox 973 803 1024 832; x_wconf 87' lang='lat'>34.</span> <span class='ocrx_word' id='word_1_110' title='bbox 1047 792 1192 830; x_wconf 65' lang='lat' dir='ltr'>‹ii-Stator,</span> <span class='ocrx_word' id='word_1_111' title='bbox 1214 800 1267 832; x_wconf 82' lang='lat'>25,</span> <span class='ocrx_word' id='word_1_112' title='bbox 1286 802 1317 824; x_wconf 89' lang='lat'>2</span> 
     </span>
    </p>

    <p class='ocr_par' dir='ltr' id='par_1_8' title="bbox 187 836 1382 918">
     <span class='ocr_line' id='line_1_15' title="bbox 187 836 1382 877; baseline -0.004 -7"><span class='ocrx_word' id='word_1_113' title='bbox 187 837 226 870; x_wconf 87' lang='lat' dir='ltr'>C.</span> <span class='ocrx_word' id='word_1_114' title='bbox 240 837 408 875; x_wconf 80' lang='lat' dir='ltr'>Claudius,</span> <span class='ocrx_word' id='word_1_115' title='bbox 423 836 545 867; x_wconf 85' lang='lat' dir='ltr'>flamen</span> <span class='ocrx_word' id='word_1_116' title='bbox 560 836 676 874; x_wconf 88' lang='lat' dir='ltr'>Dialis,</span> <span class='ocrx_word' id='word_1_117' title='bbox 694 838 750 875; x_wconf 87' lang='lat'>26,</span> <span class='ocrx_word' id='word_1_118' title='bbox 769 846 821 875; x_wconf 83' lang='lat'>23.</span> <span class='ocrx_word' id='word_1_119' title='bbox 845 837 932 877; x_wconf 90' lang='lat' dir='ltr'>quod</span> <span class='ocrx_word' id='word_1_120' title='bbox 954 843 1028 868; x_wconf 77' lang='lat' dir='ltr'>exta</span> <span class='ocrx_word' id='word_1_121' title='bbox 1051 846 1220 877; x_wconf 84' lang='lat' dir='ltr'>perperam</span> <span class='ocrx_word' id='word_1_122' title='bbox 1242 836 1382 874; x_wconf 84' lang='lat' dir='ltr'>dederat,</span> 
     </span>
     <span class='ocr_line' id='line_1_16' title="bbox 228 879 575 918; baseline -0.003 -8"><span class='ocrx_word' id='word_1_123' title='bbox 228 879 308 914; x_wconf 75' lang='lat' dir='ltr'>abiit</span> <span class='ocrx_word' id='word_1_124' title='bbox 323 880 485 918; x_wconf 79' lang='lat' dir='ltr'>flaminio,</span> <span class='ocrx_word' id='word_1_125' title='bbox 502 879 575 910; x_wconf 85' lang='lat' dir='ltr'>ibid.</span> 
     </span>
    </p>

    <p class='ocr_par' dir='ltr' id='par_1_9' title="bbox 181 920 1384 963">
     <span class='ocr_line' id='line_1_17' title="bbox 181 920 1384 963; baseline -0.001 -9"><span class='ocrx_word' id='word_1_126' title='bbox 181 922 224 958; x_wconf 70' lang='lat' dir='ltr'>C.</span> <span class='ocrx_word' id='word_1_127' title='bbox 241 923 396 955; x_wconf 84' lang='lat' dir='ltr'>Claudius</span> <span class='ocrx_word' id='word_1_128' title='bbox 418 923 519 961; x_wconf 89' lang='lat' dir='ltr'>Nero,</span> <span class='ocrx_word' id='word_1_129' title='bbox 535 922 669 963; x_wconf 85' lang='lat' dir='ltr'>graviter</span> <span class='ocrx_word' id='word_1_130' title='bbox 684 931 703 954; x_wconf 83' lang='lat' dir='ltr'>a</span> <span class='ocrx_word' id='word_1_131' title='bbox 718 920 876 955; x_wconf 81' lang='lat' dir='ltr'>Marcello</span> <span class='ocrx_word' id='word_1_132' title='bbox 898 921 1028 954; x_wconf 84' lang='lat' dir='ltr'>consule</span> <span class='ocrx_word' id='word_1_133' title='bbox 1051 922 1239 963; x_wconf 87' lang='lat' dir='ltr'>increpitus,</span> <span class='ocrx_word' id='word_1_134' title='bbox 1256 930 1311 962; x_wconf 87' lang='lat'>24,</span> <span class='ocrx_word' id='word_1_135' title='bbox 1327 926 1384 959; x_wconf 85' lang='lat'>:17.</span> 
     </span>
    </p>

    <p class='ocr_par' dir='ltr' id='par_1_10' title="bbox 207 964 1386 1348">
     <span class='ocr_line' id='line_1_18' title="bbox 207 964 1386 1010; baseline -0.003 -10"><span class='ocrx_word' id='word_1_136' title='bbox 207 972 358 1010; x_wconf 52' lang='lat' dir='ltr'>.·praetor,</span> <span class='ocrx_word' id='word_1_137' title='bbox 386 973 441 1007; x_wconf 83' lang='lat'>25,</span> <span class='ocrx_word' id='word_1_138' title='bbox 466 976 497 999; x_wconf 83' lang='lat'>2.</span> <span class='ocrx_word' id='word_1_139' title='bbox 520 965 723 1006; x_wconf 84' lang='lat' dir='ltr'>provinciam</span> <span class='ocrx_word' id='word_1_140' title='bbox 749 966 875 997; x_wconf 83' lang='lat' dir='ltr'>sortitur</span> <span class='ocrx_word' id='word_1_141' title='bbox 899 966 1092 1004; x_wconf 79' lang='lat' dir='ltr'>Sueffulam‚</span> <span class='ocrx_word' id='word_1_142' title='bbox 1117 976 1148 1005; x_wconf 85' lang='lat'>3.</span> <span class='ocrx_word' id='word_1_143' title='bbox 1176 966 1216 999; x_wconf 82' lang='lat' dir='ltr'>ab</span> <span class='ocrx_word' id='word_1_144' title='bbox 1243 964 1386 997; x_wconf 73' lang='lat' dir='ltr'>Suessula</span> 
     </span>
     <span class='ocr_line' id='line_1_19' title="bbox 227 1008 1385 1049; baseline -0.002 -9"><span class='ocrx_word' id='word_1_145' title='bbox 227 1010 355 1040; x_wconf 86' lang='lat' dir='ltr'>excitur</span> <span class='ocrx_word' id='word_1_146' title='bbox 379 1010 539 1049; x_wconf 84' lang='lat' dir='ltr'>Capuam,</span> <span class='ocrx_word' id='word_1_147' title='bbox 559 1020 609 1041; x_wconf 89' lang='lat'>22.</span> <span class='ocrx_word' id='word_1_148' title='bbox 634 1010 772 1040; x_wconf 84' lang='lat' dir='ltr'>mittitur</span> <span class='ocrx_word' id='word_1_149' title='bbox 794 1010 828 1039; x_wconf 88' lang='lat' dir='ltr'>in</span> <span class='ocrx_word' id='word_1_150' title='bbox 852 1009 1056 1049; x_wconf 78' lang='lat' dir='ltr'>Hispaniam,</span> <span class='ocrx_word' id='word_1_151' title='bbox 1075 1010 1129 1047; x_wconf 87' lang='lat'>26,</span> <span class='ocrx_word' id='word_1_152' title='bbox 1150 1017 1201 1047; x_wconf 88' lang='lat'>17.</span> <span class='ocrx_word' id='word_1_153' title='bbox 1208 1008 1385 1040; x_wconf 46' lang='lat' dir='ltr'>*deluditur</span> 
     </span>
     <span class='ocr_line' id='line_1_20' title="bbox 228 1051 1384 1093; baseline -0.002 -10"><span class='ocrx_word' id='word_1_154' title='bbox 228 1052 271 1083; x_wconf 82' lang='lat' dir='ltr'>ab</span> <span class='ocrx_word' id='word_1_155' title='bbox 286 1052 475 1090; x_wconf 86' lang='lat' dir='ltr'>Asdrubale,</span> <span class='ocrx_word' id='word_1_156' title='bbox 492 1052 564 1083; x_wconf 80' lang='lat' dir='ltr'>ibid.</span> <span class='ocrx_word' id='word_1_157' title='bbox 588 1052 724 1092; x_wconf 84' lang='lat' dir='ltr'>legatus,</span> <span class='ocrx_word' id='word_1_158' title='bbox 751 1060 804 1090; x_wconf 86' lang='lat'>27,</span> <span class='ocrx_word' id='word_1_159' title='bbox 826 1062 875 1093; x_wconf 87' lang='grc'>14.</span> <span class='ocrx_word' id='word_1_160' title='bbox 899 1052 1023 1092; x_wconf 88' lang='lat' dir='ltr'>consul,</span> <span class='ocrx_word' id='word_1_161' title='bbox 1042 1062 1093 1092; x_wconf 85' lang='lat'>34.</span> <span class='ocrx_word' id='word_1_162' title='bbox 1118 1061 1196 1083; x_wconf 89' lang='lat' dir='ltr'>cum</span> <span class='ocrx_word' id='word_1_163' title='bbox 1220 1051 1384 1082; x_wconf 80' lang='lat' dir='ltr'>Annibale</span> 
     </span>
     <span class='ocr_line' id='line_1_21' title="bbox 226 1094 1384 1137; baseline -0.002 -11"><span class='ocrx_word' id='word_1_164' title='bbox 226 1105 296 1126; x_wconf 89' lang='lat' dir='ltr'>non</span> <span class='ocrx_word' id='word_1_165' title='bbox 312 1096 409 1126; x_wconf 86' lang='lat' dir='ltr'>semel</span> <span class='ocrx_word' id='word_1_166' title='bbox 425 1096 641 1136; x_wconf 73' lang='lat' dir='ltr'>congreditur,</span> <span class='ocrx_word' id='word_1_167' title='bbox 656 1105 710 1135; x_wconf 84' lang='lat'>41.</span> <span class='ocrx_word' id='word_1_168' title='bbox 725 1102 757 1126; x_wconf 89' lang='lat' dir='ltr'>et</span> <span class='ocrx_word' id='word_1_169' title='bbox 772 1106 826 1137; x_wconf 89' lang='lat'>42.</span> <span class='ocrx_word' id='word_1_170' title='bbox 848 1095 957 1126; x_wconf 66' lang='lat' dir='ltr'>relicto</span> <span class='ocrx_word' id='word_1_171' title='bbox 971 1095 1146 1133; x_wconf 78' lang='lat' dir='ltr'>Annibale,</span> <span class='ocrx_word' id='word_1_172' title='bbox 1162 1095 1202 1126; x_wconf 84' lang='lat' dir='ltr'>ad</span> <span class='ocrx_word' id='word_1_173' title='bbox 1224 1094 1384 1125; x_wconf 88' lang='lat' dir='ltr'>Asdruba-</span> 
     </span>
     <span class='ocr_line' id='line_1_22' title="bbox 227 1136 1382 1179; baseline -0.003 -10"><span class='ocrx_word' id='word_1_174' title='bbox 227 1137 296 1169; x_wconf 84' lang='lat' dir='ltr'>lem</span> <span class='ocrx_word' id='word_1_175' title='bbox 321 1145 480 1179; x_wconf 83' lang='lat' dir='ltr'>properat,</span> <span class='ocrx_word' id='word_1_176' title='bbox 497 1149 550 1179; x_wconf 83' lang='lat'>43.</span> <span class='ocrx_word' id='word_1_177' title='bbox 578 1140 617 1169; x_wconf 88' lang='lat' dir='ltr'>ad</span> <span class='ocrx_word' id='word_1_178' title='bbox 638 1138 756 1170; x_wconf 83' lang='lat' dir='ltr'>milites</span> <span class='ocrx_word' id='word_1_179' title='bbox 780 1139 959 1170; x_wconf 85' lang='lat' dir='ltr'>orationem</span> <span class='ocrx_word' id='word_1_180' title='bbox 981 1139 1088 1172; x_wconf 85' lang='lat' dir='ltr'>habet,</span> <span class='ocrx_word' id='word_1_181' title='bbox 1104 1146 1158 1178; x_wconf 97' lang='grc'>45</span> <span class='ocrx_word' id='word_1_182' title='bbox 1183 1137 1306 1168; x_wconf 66' lang='lat' dir='ltr'>‹levio&#39;to</span> <span class='ocrx_word' id='word_1_183' title='bbox 1323 1136 1382 1166; x_wconf 87' lang='lat' dir='ltr'>As-</span> 
     </span>
     <span class='ocr_line' id='line_1_23' title="bbox 228 1181 1383 1222; baseline -0.002 -10"><span class='ocrx_word' id='word_1_184' title='bbox 228 1181 374 1218; x_wconf 89' lang='lat' dir='ltr'>drubale,</span> <span class='ocrx_word' id='word_1_185' title='bbox 391 1182 431 1213; x_wconf 86' lang='lat' dir='ltr'>ad</span> <span class='ocrx_word' id='word_1_186' title='bbox 448 1182 645 1212; x_wconf 83' lang='lat' dir='ltr'>Annibalem</span> <span class='ocrx_word' id='word_1_187' title='bbox 660 1182 836 1220; x_wconf 87' lang='lat' dir='ltr'>revertitur,</span> <span class='ocrx_word' id='word_1_188' title='bbox 853 1189 905 1222; x_wconf 86' lang='lat'>50.</span> <span class='ocrx_word' id='word_1_189' title='bbox 920 1188 1017 1221; x_wconf 90' lang='lat' dir='ltr'>caput</span> <span class='ocrx_word' id='word_1_190' title='bbox 1032 1181 1215 1212; x_wconf 85' lang='lat' dir='ltr'>Asdrubalis</span> <span class='ocrx_word' id='word_1_191' title='bbox 1230 1186 1306 1211; x_wconf 79' lang='lat' dir='ltr'>ante</span> <span class='ocrx_word' id='word_1_192' title='bbox 1321 1181 1383 1210; x_wconf 79' lang='lat' dir='ltr'>sta-</span> 
     </span>
     <span class='ocr_line' id='line_1_24' title="bbox 227 1224 1385 1264; baseline -0.001 -10"><span class='ocrx_word' id='word_1_193' title='bbox 227 1225 334 1255; x_wconf 81' lang='lat' dir='ltr'>tiones</span> <span class='ocrx_word' id='word_1_194' title='bbox 357 1225 498 1255; x_wconf 80' lang='lat' dir='ltr'>hostium</span> <span class='ocrx_word' id='word_1_195' title='bbox 522 1224 634 1264; x_wconf 88' lang='lat' dir='ltr'>projici</span> <span class='ocrx_word' id='word_1_196' title='bbox 656 1224 761 1262; x_wconf 85' lang='lat' dir='ltr'>jubet,</span> <span class='ocrx_word' id='word_1_197' title='bbox 779 1232 831 1264; x_wconf 84' lang='lat'>51.</span> <span class='ocrx_word' id='word_1_198' title='bbox 855 1225 936 1255; x_wconf 90' lang='lat' dir='ltr'>redit</span> <span class='ocrx_word' id='word_1_199' title='bbox 956 1225 997 1255; x_wconf 92' lang='lat' dir='ltr'>ad</span> <span class='ocrx_word' id='word_1_200' title='bbox 1019 1225 1148 1263; x_wconf 81' lang='lat' dir='ltr'>urbem,</span> <span class='ocrx_word' id='word_1_201' title='bbox 1171 1225 1238 1261; x_wconf 84' lang='lat'>28,</span> <span class='ocrx_word' id='word_1_202' title='bbox 1243 1234 1275 1264; x_wconf 90' lang='lat'>9.</span> <span class='ocrx_word' id='word_1_203' title='bbox 1298 1232 1385 1262; x_wconf 91' lang='lat' dir='ltr'>equo</span> 
     </span>
     <span class='ocr_line' id='line_1_25' title="bbox 228 1266 1383 1309; baseline -0.001 -12"><span class='ocrx_word' id='word_1_204' title='bbox 228 1267 409 1307; x_wconf 84' lang='lat' dir='ltr'>triumphat</span> <span class='ocrx_word' id='word_1_205' title='bbox 424 1267 490 1298; x_wconf 84' lang='lat' dir='ltr'>sine</span> <span class='ocrx_word' id='word_1_206' title='bbox 505 1267 675 1305; x_wconf 84' lang='lat' dir='ltr'>militibus,</span> <span class='ocrx_word' id='word_1_207' title='bbox 691 1267 762 1299; x_wconf 84' lang='lat' dir='ltr'>ibid.</span> <span class='ocrx_word' id='word_1_208' title='bbox 787 1268 910 1306; x_wconf 87' lang='lat' dir='ltr'>censor,</span> <span class='ocrx_word' id='word_1_209' title='bbox 929 1278 982 1309; x_wconf 88' lang='lat'>29,</span> <span class='ocrx_word' id='word_1_210' title='bbox 1001 1275 1054 1307; x_wconf 85' lang='lat'>37.</span> <span class='ocrx_word' id='word_1_211' title='bbox 1075 1267 1144 1306; x_wconf 86' lang='lat' dir='ltr'>ejus</span> <span class='ocrx_word' id='word_1_212' title='bbox 1159 1266 1383 1307; x_wconf 83' lang='lat' dir='ltr'>intempestiva</span> 
     </span>
     <span class='ocr_line' id='line_1_26' title="bbox 227 1310 646 1348; baseline 0.005 -8"><span class='ocrx_word' id='word_1_213' title='bbox 227 1310 400 1340; x_wconf 80' lang='lat' dir='ltr'>severitatis</span> <span class='ocrx_word' id='word_1_214' title='bbox 410 1310 555 1348; x_wconf 65' lang='lat' dir='ltr'>jaciatio,</span> <span class='ocrx_word' id='word_1_215' title='bbox 573 1310 646 1342; x_wconf 82' lang='lat' dir='ltr'>ibid.</span> 
     </span>
    </p>

    <p class='ocr_par' dir='ltr' id='par_1_11' title="bbox 186 1352 1254 1393">
     <span class='ocr_line' id='line_1_27' title="bbox 186 1352 1254 1393; baseline 0 -9"><span class='ocrx_word' id='word_1_216' title='bbox 186 1352 224 1385; x_wconf 88' lang='lat' dir='ltr'>C.</span> <span class='ocrx_word' id='word_1_217' title='bbox 238 1352 395 1384; x_wconf 85' lang='lat' dir='ltr'>Claudius</span> <span class='ocrx_word' id='word_1_218' title='bbox 409 1354 509 1391; x_wconf 87' lang='lat' dir='ltr'>Nero,</span> <span class='ocrx_word' id='word_1_219' title='bbox 524 1353 647 1393; x_wconf 83' lang='lat' dir='ltr'>legatus</span> <span class='ocrx_word' id='word_1_220' title='bbox 663 1353 702 1383; x_wconf 85' lang='lat' dir='ltr'>ad</span> <span class='ocrx_word' id='word_1_221' title='bbox 718 1352 946 1390; x_wconf 72' lang='lat' dir='ltr'>Ptolemaeum,</span> <span class='ocrx_word' id='word_1_222' title='bbox 964 1362 1019 1392; x_wconf 83' lang='lat'>31,</span> <span class='ocrx_word' id='word_1_223' title='bbox 1036 1362 1067 1385; x_wconf 90' lang='lat'>2.</span> <span class='ocrx_word' id='word_1_224' title='bbox 1252 1369 1254 1372; x_wconf 95' lang='lat'>·</span> 
     </span>
    </p>

    <p class='ocr_par' dir='ltr' id='par_1_12' title="bbox 181 1395 1380 1480">
     <span class='ocr_line' id='line_1_28' title="bbox 181 1395 1380 1436; baseline -0.002 -8"><span class='ocrx_word' id='word_1_225' title='bbox 181 1396 225 1429; x_wconf 82' lang='lat' dir='ltr'>C.</span> <span class='ocrx_word' id='word_1_226' title='bbox 239 1395 394 1428; x_wconf 90' lang='lat' dir='ltr'>Claudius</span> <span class='ocrx_word' id='word_1_227' title='bbox 411 1397 538 1427; x_wconf 87' lang='lat' dir='ltr'>Centho</span> <span class='ocrx_word' id='word_1_228' title='bbox 554 1406 632 1429; x_wconf 89' lang='lat' dir='ltr'>cum</span> <span class='ocrx_word' id='word_1_229' title='bbox 653 1396 755 1436; x_wconf 92' lang='lat' dir='ltr'>copiis</span> <span class='ocrx_word' id='word_1_230' title='bbox 776 1396 916 1428; x_wconf 87' lang='lat' dir='ltr'>mittitur</span> <span class='ocrx_word' id='word_1_231' title='bbox 932 1397 974 1428; x_wconf 80' lang='lat' dir='ltr'>ad</span> <span class='ocrx_word' id='word_1_232' title='bbox 988 1395 1148 1428; x_wconf 80' lang='lat' dir='ltr'>auxilium</span> <span class='ocrx_word' id='word_1_233' title='bbox 1163 1395 1380 1434; x_wconf 81' lang='lat' dir='ltr'>Athenarum,</span> 
     </span>
     <span class='ocr_line' id='line_1_29' title="bbox 228 1439 861 1480; baseline 0 -10"><span class='ocrx_word' id='word_1_234' title='bbox 228 1449 247 1470; x_wconf 83' lang='lat' dir='ltr'>a</span> <span class='ocrx_word' id='word_1_235' title='bbox 263 1439 498 1471; x_wconf 83' lang='lat' dir='ltr'>Macedonibus</span> <span class='ocrx_word' id='word_1_236' title='bbox 514 1439 719 1476; x_wconf 74' lang='lat' dir='ltr'>obsessarum,</span> <span class='ocrx_word' id='word_1_237' title='bbox 736 1449 790 1478; x_wconf 85' lang='lat'>31,</span> <span class='ocrx_word' id='word_1_238' title='bbox 810 1449 861 1480; x_wconf 86' lang='lat'>¹4-</span> 
     </span>
    </p>

    <p class='ocr_par' dir='ltr' id='par_1_13' title="bbox 179 1480 1384 1909">
     <span class='ocr_line' id='line_1_30' title="bbox 179 1480 1384 1522; baseline -0.002 -9"><span class='ocrx_word' id='word_1_239' title='bbox 179 1482 224 1513; x_wconf 82' lang='lat' dir='ltr'>C.</span> <span class='ocrx_word' id='word_1_240' title='bbox 239 1482 395 1514; x_wconf 84' lang='lat' dir='ltr'>Claudius</span> <span class='ocrx_word' id='word_1_241' title='bbox 410 1483 474 1522; x_wconf 87' lang='lat' dir='ltr'>Ap.</span> <span class='ocrx_word' id='word_1_242' title='bbox 492 1484 527 1513; x_wconf 74' lang='lat' dir='ltr'>F.</span> <span class='ocrx_word' id='word_1_243' title='bbox 540 1483 689 1520; x_wconf 87' lang='lat' dir='ltr'>Pulcher,</span> <span class='ocrx_word' id='word_1_244' title='bbox 706 1492 808 1522; x_wconf 87' lang='lat' dir='ltr'>augur</span> <span class='ocrx_word' id='word_1_245' title='bbox 822 1483 856 1513; x_wconf 91' lang='lat' dir='ltr'>in</span> <span class='ocrx_word' id='word_1_246' title='bbox 874 1483 916 1513; x_wconf 74' lang='lat' dir='ltr'>Q.</span> <span class='ocrx_word' id='word_1_247' title='bbox 931 1482 1021 1513; x_wconf 83' lang='lat' dir='ltr'>Fabii</span> <span class='ocrx_word' id='word_1_248' title='bbox 1037 1481 1179 1514; x_wconf 87' lang='lat' dir='ltr'>Maximi</span> <span class='ocrx_word' id='word_1_249' title='bbox 1202 1481 1314 1512; x_wconf 85' lang='lat' dir='ltr'>locum</span> <span class='ocrx_word' id='word_1_250' title='bbox 1336 1480 1384 1511; x_wconf 89' lang='lat' dir='ltr'>le-</span> 
     </span>
     <span class='ocr_line' id='line_1_31' title="bbox 225 1524 1379 1565; baseline -0.003 -8"><span class='ocrx_word' id='word_1_251' title='bbox 225 1524 310 1563; x_wconf 67' lang='lat' dir='ltr'>&amp;us‚</span> <span class='ocrx_word' id='word_1_252' title='bbox 329 1534 382 1564; x_wconf 83' lang='lat'>33,</span> <span class='ocrx_word' id='word_1_253' title='bbox 398 1535 451 1565; x_wconf 90' lang='lat'>44.</span> <span class='ocrx_word' id='word_1_254' title='bbox 468 1532 596 1565; x_wconf 64' lang='lat' dir='ltr'>praetor,</span> <span class='ocrx_word' id='word_1_255' title='bbox 611 1535 668 1565; x_wconf 92' lang='lat'>40,</span> <span class='ocrx_word' id='word_1_256' title='bbox 686 1533 737 1563; x_wconf 87' lang='lat'>37.</span> <span class='ocrx_word' id='word_1_257' title='bbox 762 1525 873 1556; x_wconf 89' lang='lat' dir='ltr'>consul</span> <span class='ocrx_word' id='word_1_258' title='bbox 890 1526 923 1556; x_wconf 92' lang='lat' dir='ltr'>in</span> <span class='ocrx_word' id='word_1_259' title='bbox 941 1526 1063 1556; x_wconf 81' lang='lat' dir='ltr'>Istriam</span> <span class='ocrx_word' id='word_1_260' title='bbox 1079 1534 1220 1564; x_wconf 81' lang='lat' dir='ltr'>praeceps</span> <span class='ocrx_word' id='word_1_261' title='bbox 1234 1524 1379 1561; x_wconf 74' lang='lat' dir='ltr'>discedit,</span> 
     </span>
     <span class='ocr_line' id='line_1_32' title="bbox 225 1566 1381 1607; baseline -0.002 -8"><span class='ocrx_word' id='word_1_262' title='bbox 225 1578 284 1607; x_wconf 46' lang='lat'>41„</span> <span class='ocrx_word' id='word_1_263' title='bbox 312 1577 448 1607; x_wconf 73' lang='lat'>12-14.</span> <span class='ocrx_word' id='word_1_264' title='bbox 478 1569 658 1599; x_wconf 76' lang='lat' dir='ltr'>exercitum</span> <span class='ocrx_word' id='word_1_265' title='bbox 680 1568 827 1606; x_wconf 82' lang='lat' dir='ltr'>offendit,</span> <span class='ocrx_word' id='word_1_266' title='bbox 851 1574 883 1598; x_wconf 89' lang='lat' dir='ltr'>et</span> <span class='ocrx_word' id='word_1_267' title='bbox 908 1568 1050 1599; x_wconf 89' lang='lat' dir='ltr'>Romam</span> <span class='ocrx_word' id='word_1_268' title='bbox 1073 1568 1165 1604; x_wconf 81' lang='lat' dir='ltr'>redit,</span> <span class='ocrx_word' id='word_1_269' title='bbox 1182 1566 1254 1597; x_wconf 83' lang='lat' dir='ltr'>ibid.</span> <span class='ocrx_word' id='word_1_270' title='bbox 1280 1567 1381 1598; x_wconf 83' lang='lat' dir='ltr'>redux</span> 
     </span>
     <span class='ocr_line' id='line_1_33' title="bbox 225 1610 1380 1650; baseline -0.003 -8"><span class='ocrx_word' id='word_1_271' title='bbox 225 1610 349 1642; x_wconf 82' lang='lat' dir='ltr'>obsidet</span> <span class='ocrx_word' id='word_1_272' title='bbox 364 1611 561 1648; x_wconf 80' lang='lat' dir='ltr'>Nesattium,</span> <span class='ocrx_word' id='word_1_273' title='bbox 575 1617 607 1641; x_wconf 87' lang='lat' dir='ltr'>et</span> <span class='ocrx_word' id='word_1_274' title='bbox 621 1611 719 1650; x_wconf 86' lang='lat' dir='ltr'>capit,</span> <span class='ocrx_word' id='word_1_275' title='bbox 739 1620 788 1650; x_wconf 78' lang='lat'>15.</span> <span class='ocrx_word' id='word_1_276' title='bbox 833 1610 956 1641; x_wconf 81' lang='lat' dir='ltr'>Istriam</span> <span class='ocrx_word' id='word_1_277' title='bbox 971 1616 1076 1650; x_wconf 86' lang='lat' dir='ltr'>pacat,</span> <span class='ocrx_word' id='word_1_278' title='bbox 1093 1610 1164 1640; x_wconf 83' lang='lat' dir='ltr'>ibid.</span> <span class='ocrx_word' id='word_1_279' title='bbox 1182 1610 1322 1649; x_wconf 85' lang='lat' dir='ltr'>legiones</span> <span class='ocrx_word' id='word_1_280' title='bbox 1346 1610 1380 1639; x_wconf 89' lang='lat' dir='ltr'>in</span> 
     </span>
     <span class='ocr_line' id='line_1_34' title="bbox 224 1652 1380 1693; baseline -0.002 -9"><span class='ocrx_word' id='word_1_281' title='bbox 224 1653 358 1693; x_wconf 88' lang='lat' dir='ltr'>Ligures</span> <span class='ocrx_word' id='word_1_282' title='bbox 372 1654 560 1691; x_wconf 86' lang='lat' dir='ltr'>transducit,</span> <span class='ocrx_word' id='word_1_283' title='bbox 581 1654 629 1685; x_wconf 90' lang='lat'>16.</span> <span class='ocrx_word' id='word_1_284' title='bbox 652 1654 754 1684; x_wconf 85' lang='lat' dir='ltr'>vincit</span> <span class='ocrx_word' id='word_1_285' title='bbox 773 1654 912 1693; x_wconf 89' lang='lat' dir='ltr'>Ligures,</span> <span class='ocrx_word' id='word_1_286' title='bbox 929 1653 1000 1684; x_wconf 81' lang='lat' dir='ltr'>ibid.</span> <span class='ocrx_word' id='word_1_287' title='bbox 1017 1654 1207 1692; x_wconf 85' lang='lat' dir='ltr'>triumph-at,</span> <span class='ocrx_word' id='word_1_288' title='bbox 1228 1659 1276 1689; x_wconf 87' lang='lat'>17.</span> <span class='ocrx_word' id='word_1_289' title='bbox 1301 1652 1329 1682; x_wconf 90' lang='lat' dir='ltr'>ei</span> <span class='ocrx_word' id='word_1_290' title='bbox 1346 1653 1380 1683; x_wconf 89' lang='lat' dir='ltr'>in</span> 
     </span>
     <span class='ocr_line' id='line_1_35' title="bbox 226 1695 1380 1737; baseline -0.001 -11"><span class='ocrx_word' id='word_1_291' title='bbox 226 1704 354 1728; x_wconf 77' lang='lat' dir='ltr'>annum</span> <span class='ocrx_word' id='word_1_292' title='bbox 376 1703 582 1737; x_wconf 87' lang='lat' dir='ltr'>prorogatum</span> <span class='ocrx_word' id='word_1_293' title='bbox 608 1697 795 1737; x_wconf 83' lang='lat' dir='ltr'>imperium,</span> <span class='ocrx_word' id='word_1_294' title='bbox 816 1698 866 1727; x_wconf 95' lang='grc'>18.</span> <span class='ocrx_word' id='word_1_295' title='bbox 891 1696 1003 1736; x_wconf 82' lang='lat' dir='ltr'>recipit</span> <span class='ocrx_word' id='word_1_296' title='bbox 1024 1696 1191 1727; x_wconf 85' lang='lat' dir='ltr'>Mutinam</span> <span class='ocrx_word' id='word_1_297' title='bbox 1215 1706 1233 1725; x_wconf 88' lang='lat' dir='ltr'>a</span> <span class='ocrx_word' id='word_1_298' title='bbox 1259 1695 1380 1735; x_wconf 88' lang='lat' dir='ltr'>Liguri-</span> 
     </span>
     <span class='ocr_line' id='line_1_36' title="bbox 225 1738 1379 1778; baseline 0 -9"><span class='ocrx_word' id='word_1_299' title='bbox 225 1738 301 1777; x_wconf 92' lang='lat' dir='ltr'>bus,</span> <span class='ocrx_word' id='word_1_300' title='bbox 318 1750 371 1772; x_wconf 89' lang='lat'>20.</span> <span class='ocrx_word' id='word_1_301' title='bbox 395 1739 583 1778; x_wconf 82' lang='lat' dir='ltr'>consularis,</span> <span class='ocrx_word' id='word_1_302' title='bbox 607 1739 643 1770; x_wconf 82' lang='lat' dir='ltr'>fit</span> <span class='ocrx_word' id='word_1_303' title='bbox 669 1739 817 1770; x_wconf 84' lang='lat' dir='ltr'>tribunus</span> <span class='ocrx_word' id='word_1_304' title='bbox 840 1739 997 1776; x_wconf 91' lang='lat' dir='ltr'>militum,</span> <span class='ocrx_word' id='word_1_305' title='bbox 1013 1748 1065 1778; x_wconf 85' lang='lat'>42,</span> <span class='ocrx_word' id='word_1_306' title='bbox 1081 1748 1135 1778; x_wconf 88' lang='lat'>49.</span> <span class='ocrx_word' id='word_1_307' title='bbox 1159 1745 1282 1770; x_wconf 88' lang='lat' dir='ltr'>creatur</span> <span class='ocrx_word' id='word_1_308' title='bbox 1303 1748 1379 1769; x_wconf 85' lang='lat' dir='ltr'>cen-</span> 
     </span>
     <span class='ocr_line' id='line_1_37' title="bbox 225 1781 1378 1822; baseline 0 -10"><span class='ocrx_word' id='word_1_309' title='bbox 225 1782 288 1821; x_wconf 83' lang='lat' dir='ltr'>sor,</span> <span class='ocrx_word' id='word_1_310' title='bbox 303 1792 359 1822; x_wconf 84' lang='lat'>43,</span> <span class='ocrx_word' id='word_1_311' title='bbox 383 1784 430 1814; x_wconf 92' lang='lat'>16.</span> <span class='ocrx_word' id='word_1_312' title='bbox 454 1783 596 1814; x_wconf 67' lang='lat' dir='ltr'>ediaum</span> <span class='ocrx_word' id='word_1_313' title='bbox 619 1783 689 1821; x_wconf 84' lang='lat' dir='ltr'>ejus</span> <span class='ocrx_word' id='word_1_314' title='bbox 713 1789 744 1813; x_wconf 86' lang='lat' dir='ltr'>et</span> <span class='ocrx_word' id='word_1_315' title='bbox 770 1782 903 1822; x_wconf 81' lang='lat' dir='ltr'>collegae</span> <span class='ocrx_word' id='word_1_316' title='bbox 929 1783 968 1813; x_wconf 88' lang='lat' dir='ltr'>de</span> <span class='ocrx_word' id='word_1_317' title='bbox 995 1781 1130 1819; x_wconf 64' lang='lat' dir='ltr'>delectu,</span> <span class='ocrx_word' id='word_1_318' title='bbox 1148 1781 1220 1812; x_wconf 83' lang='lat' dir='ltr'>ibid.</span> <span class='ocrx_word' id='word_1_319' title='bbox 1245 1792 1316 1813; x_wconf 87' lang='lat' dir='ltr'>reus</span> <span class='ocrx_word' id='word_1_320' title='bbox 1338 1781 1378 1812; x_wconf 82' lang='lat' dir='ltr'>ad</span> 
     </span>
     <span class='ocr_line' id='line_1_38' title="bbox 224 1824 1379 1867; baseline 0.001 -12"><span class='ocrx_word' id='word_1_321' title='bbox 224 1825 399 1865; x_wconf 84' lang='lat' dir='ltr'>populum,</span> <span class='ocrx_word' id='word_1_322' title='bbox 420 1835 503 1865; x_wconf 82' lang='lat' dir='ltr'>aegre</span> <span class='ocrx_word' id='word_1_323' title='bbox 525 1825 708 1862; x_wconf 85' lang='lat' dir='ltr'>absolvitur,</span> <span class='ocrx_word' id='word_1_324' title='bbox 729 1826 779 1856; x_wconf 90' lang='lat'>18.</span> <span class='ocrx_word' id='word_1_325' title='bbox 803 1826 936 1856; x_wconf 85' lang='lat' dir='ltr'>censum</span> <span class='ocrx_word' id='word_1_326' title='bbox 951 1825 1029 1865; x_wconf 86' lang='lat' dir='ltr'>agit,</span> <span class='ocrx_word' id='word_1_327' title='bbox 1044 1835 1099 1866; x_wconf 85' lang='lat'>44,</span> <span class='ocrx_word' id='word_1_328' title='bbox 1120 1826 1170 1856; x_wconf 84' lang='lat'>16.</span> <span class='ocrx_word' id='word_1_329' title='bbox 1184 1833 1240 1867; x_wconf 84' lang='grc'>45,</span> <span class='ocrx_word' id='word_1_330' title='bbox 1262 1833 1310 1865; x_wconf 87' lang='grc'>15.</span> <span class='ocrx_word' id='word_1_331' title='bbox 1333 1824 1379 1856; x_wconf 84' lang='lat' dir='ltr'>le-</span> 
     </span>
     <span class='ocr_line' id='line_1_39' title="bbox 224 1869 1010 1909; baseline 0.001 -11"><span class='ocrx_word' id='word_1_332' title='bbox 224 1874 317 1907; x_wconf 83' lang='lat' dir='ltr'>gatus</span> <span class='ocrx_word' id='word_1_333' title='bbox 332 1869 366 1898; x_wconf 90' lang='lat' dir='ltr'>in</span> <span class='ocrx_word' id='word_1_334' title='bbox 384 1869 626 1905; x_wconf 88' lang='lat' dir='ltr'>Macedoniam,</span> <span class='ocrx_word' id='word_1_335' title='bbox 641 1877 697 1908; x_wconf 82' lang='lat'>45,</span> <span class='ocrx_word' id='word_1_336' title='bbox 720 1878 731 1898; x_wconf 93' lang='grc'>1</span> <span class='ocrx_word' id='word_1_337' title='bbox 743 1876 769 1905; x_wconf 92' lang='grc'>7.</span> <span class='ocrx_word' id='word_1_338' title='bbox 791 1869 940 1908; x_wconf 85' lang='lat' dir='ltr'>moritur,</span> <span class='ocrx_word' id='word_1_339' title='bbox 955 1878 1010 1909; x_wconf 91' lang='lat'>44.</span> 
     </span>
    </p>

    <p class='ocr_par' dir='ltr' id='par_1_14' title="bbox 179 1910 829 1951">
     <span class='ocr_line' id='line_1_40' title="bbox 179 1910 829 1951; baseline 0.003 -11"><span class='ocrx_word' id='word_1_340' title='bbox 179 1910 217 1940; x_wconf 93' lang='lat' dir='ltr'>C.</span> <span class='ocrx_word' id='word_1_341' title='bbox 234 1910 391 1941; x_wconf 89' lang='lat' dir='ltr'>Claudius</span> <span class='ocrx_word' id='word_1_342' title='bbox 408 1911 542 1948; x_wconf 88' lang='lat' dir='ltr'>Asellus,</span> <span class='ocrx_word' id='word_1_343' title='bbox 558 1917 684 1951; x_wconf 83' lang='lat' dir='ltr'>praetor,</span> <span class='ocrx_word' id='word_1_344' title='bbox 702 1921 758 1950; x_wconf 91' lang='lat'>41,</span> <span class='ocrx_word' id='word_1_345' title='bbox 779 1913 829 1942; x_wconf 87' lang='lat'>26.</span> 
     </span>
    </p>

    <p class='ocr_par' dir='ltr' id='par_1_15' title="bbox 179 1952 1376 2037">
     <span class='ocr_line' id='line_1_41' title="bbox 179 1952 1376 1994; baseline -0.001 -10"><span class='ocrx_word' id='word_1_346' title='bbox 179 1953 229 1984; x_wconf 92' lang='lat' dir='ltr'>M.</span> <span class='ocrx_word' id='word_1_347' title='bbox 247 1953 413 1991; x_wconf 87' lang='lat' dir='ltr'>Claudius,</span> <span class='ocrx_word' id='word_1_348' title='bbox 437 1955 499 1994; x_wconf 83' lang='lat' dir='ltr'>Ap.</span> <span class='ocrx_word' id='word_1_349' title='bbox 520 1953 645 1985; x_wconf 93' lang='lat' dir='ltr'>Claudii</span> <span class='ocrx_word' id='word_1_350' title='bbox 669 1955 844 1985; x_wconf 87' lang='lat' dir='ltr'>decemviri</span> <span class='ocrx_word' id='word_1_351' title='bbox 869 1953 984 1992; x_wconf 87' lang='lat' dir='ltr'>cliens,</span> <span class='ocrx_word' id='word_1_352' title='bbox 1009 1952 1111 1985; x_wconf 73' lang='lat' dir='ltr'>asserit</span> <span class='ocrx_word' id='word_1_353' title='bbox 1137 1953 1315 1993; x_wconf 87' lang='lat' dir='ltr'>Virginiam</span> <span class='ocrx_word' id='word_1_354' title='bbox 1342 1953 1376 1984; x_wconf 86' lang='lat' dir='ltr'>in</span> 
     </span>
     <span class='ocr_line' id='line_1_42' title="bbox 224 1996 904 2037; baseline 0.003 -11"><span class='ocrx_word' id='word_1_355' title='bbox 224 1997 421 2034; x_wconf 85' lang='lat' dir='ltr'>servitutem,</span> <span class='ocrx_word' id='word_1_356' title='bbox 440 2006 470 2035; x_wconf 85' lang='lat'>3,</span> <span class='ocrx_word' id='word_1_357' title='bbox 488 2006 540 2037; x_wconf 84' lang='lat'>44.</span> <span class='ocrx_word' id='word_1_358' title='bbox 558 1997 625 2027; x_wconf 84' lang='lat' dir='ltr'>abit</span> <span class='ocrx_word' id='word_1_359' title='bbox 640 1996 834 2032; x_wconf 83' lang='lat' dir='ltr'>exsulatum,</span> <span class='ocrx_word' id='word_1_360' title='bbox 852 1998 904 2037; x_wconf 87' lang='lat'>58.</span> 
     </span>
    </p>

    <p class='ocr_par' dir='ltr' id='par_1_16' title="bbox 180 2039 843 2079">
     <span class='ocr_line' id='line_1_43' title="bbox 180 2039 843 2079; baseline 0 -9"><span class='ocrx_word' id='word_1_361' title='bbox 180 2039 230 2070; x_wconf 92' lang='lat' dir='ltr'>M.</span> <span class='ocrx_word' id='word_1_362' title='bbox 247 2039 412 2076; x_wconf 85' lang='lat' dir='ltr'>Claudius,</span> <span class='ocrx_word' id='word_1_363' title='bbox 426 2040 573 2071; x_wconf 85' lang='lat' dir='ltr'>tribunus</span> <span class='ocrx_word' id='word_1_364' title='bbox 589 2039 703 2079; x_wconf 80' lang='lat' dir='ltr'>plebis,</span> <span class='ocrx_word' id='word_1_365' title='bbox 718 2049 775 2079; x_wconf 82' lang='lat'>43,</span> <span class='ocrx_word' id='word_1_366' title='bbox 794 2042 843 2070; x_wconf 85' lang='lat'>16.</span> 
     </span>
    </p>

    <p class='ocr_par' dir='ltr' id='par_1_17' title="bbox 178 2081 1227 2121">
     <span class='ocr_line' id='line_1_44' title="bbox 178 2081 1227 2121; baseline -0.003 -8"><span class='ocrx_word' id='word_1_367' title='bbox 178 2081 227 2112; x_wconf 89' lang='lat' dir='ltr'>M.</span> <span class='ocrx_word' id='word_1_368' title='bbox 244 2082 410 2119; x_wconf 85' lang='lat' dir='ltr'>Claudius,</span> <span class='ocrx_word' id='word_1_369' title='bbox 428 2082 496 2113; x_wconf 85' lang='lat' dir='ltr'>dux</span> <span class='ocrx_word' id='word_1_370' title='bbox 513 2083 546 2112; x_wconf 91' lang='lat' dir='ltr'>in</span> <span class='ocrx_word' id='word_1_371' title='bbox 561 2083 702 2113; x_wconf 72' lang='lat' dir='ltr'>exercitu</span> <span class='ocrx_word' id='word_1_372' title='bbox 719 2083 833 2114; x_wconf 89' lang='lat' dir='ltr'>Marcii</span> <span class='ocrx_word' id='word_1_373' title='bbox 851 2082 884 2112; x_wconf 91' lang='lat' dir='ltr'>in</span> <span class='ocrx_word' id='word_1_374' title='bbox 897 2081 1105 2120; x_wconf 83' lang='lat' dir='ltr'>Macedonia,</span> <span class='ocrx_word' id='word_1_375' title='bbox 1120 2090 1177 2121; x_wconf 86' lang='lat'>44,</span> <span class='ocrx_word' id='word_1_376' title='bbox 1196 2090 1227 2119; x_wconf 89' lang='lat'>3.</span> 
     </span>
    </p>

    <p class='ocr_par' dir='ltr' id='par_1_18' title="bbox 177 2124 873 2165">
     <span class='ocr_line' id='line_1_45' title="bbox 177 2124 873 2165; baseline 0 -11"><span class='ocrx_word' id='word_1_377' title='bbox 177 2124 212 2156; x_wconf 89' lang='lat' dir='ltr'>P.</span> <span class='ocrx_word' id='word_1_378' title='bbox 228 2125 394 2163; x_wconf 87' lang='lat' dir='ltr'>Claudius,</span> <span class='ocrx_word' id='word_1_379' title='bbox 413 2124 578 2165; x_wconf 67' lang='lat' dir='ltr'>praefectus</span> <span class='ocrx_word' id='word_1_380' title='bbox 594 2126 732 2161; x_wconf 74' lang='lat' dir='ltr'>socium,</span> <span class='ocrx_word' id='word_1_381' title='bbox 749 2133 803 2162; x_wconf 84' lang='lat'>27,</span> <span class='ocrx_word' id='word_1_382' title='bbox 819 2134 873 2165; x_wconf 88' lang='grc'>41.</span> 
     </span>
    </p>

    <p class='ocr_par' dir='ltr' id='par_1_19' title="bbox 176 2166 1315 2207">
     <span class='ocr_line' id='line_1_46' title="bbox 176 2166 1315 2207; baseline -0.003 -9"><span class='ocrx_word' id='word_1_383' title='bbox 176 2167 213 2198; x_wconf 93' lang='grc' dir='ltr'>Ρ.</span> <span class='ocrx_word' id='word_1_384' title='bbox 230 2167 384 2199; x_wconf 84' lang='lat' dir='ltr'>Claudius</span> <span class='ocrx_word' id='word_1_385' title='bbox 400 2177 476 2198; x_wconf 89' lang='lat' dir='ltr'>cum</span> <span class='ocrx_word' id='word_1_386' title='bbox 492 2174 578 2207; x_wconf 84' lang='lat' dir='ltr'>parte</span> <span class='ocrx_word' id='word_1_387' title='bbox 594 2168 761 2206; x_wconf 83' lang='lat' dir='ltr'>copiarum</span> <span class='ocrx_word' id='word_1_388' title='bbox 779 2168 918 2198; x_wconf 88' lang='lat' dir='ltr'>mittitur</span> <span class='ocrx_word' id='word_1_389' title='bbox 931 2175 950 2196; x_wconf 84' lang='lat' dir='ltr'>a</span> <span class='ocrx_word' id='word_1_390' title='bbox 965 2167 1004 2197; x_wconf 92' lang='lat' dir='ltr'>T.</span> <span class='ocrx_word' id='word_1_391' title='bbox 1023 2166 1174 2203; x_wconf 73' lang='lat' dir='ltr'>Quintio,</span> <span class='ocrx_word' id='word_1_392' title='bbox 1190 2175 1243 2205; x_wconf 76' lang='lat'>33,</span> <span class='ocrx_word' id='word_1_393' title='bbox 1264 2176 1315 2206; x_wconf 85' lang='lat'>29.</span> 
     </span>
    </p>

    <p class='ocr_par' dir='ltr' id='par_1_20' title="bbox 177 2208 1374 2293">
     <span class='ocr_line' id='line_1_47' title="bbox 177 2208 1374 2250; baseline -0.002 -9"><span class='ocrx_word' id='word_1_394' title='bbox 177 2210 213 2241; x_wconf 88' lang='grc' dir='ltr'>Ρ.</span> <span class='ocrx_word' id='word_1_395' title='bbox 229 2209 395 2248; x_wconf 83' lang='lat' dir='ltr'>Claudius,</span> <span class='ocrx_word' id='word_1_396' title='bbox 412 2211 559 2242; x_wconf 89' lang='lat' dir='ltr'>tribunus</span> <span class='ocrx_word' id='word_1_397' title='bbox 583 2210 727 2241; x_wconf 87' lang='lat' dir='ltr'>militum</span> <span class='ocrx_word' id='word_1_398' title='bbox 741 2210 780 2241; x_wconf 87' lang='lat' dir='ltr'>de</span> <span class='ocrx_word' id='word_1_399' title='bbox 796 2210 920 2250; x_wconf 85' lang='lat' dir='ltr'>legione</span> <span class='ocrx_word' id='word_1_400' title='bbox 941 2209 1092 2246; x_wconf 78' lang='lat' dir='ltr'>secunda,</span> <span class='ocrx_word' id='word_1_401' title='bbox 1110 2209 1194 2239; x_wconf 81' lang='lat' dir='ltr'>cadit</span> <span class='ocrx_word' id='word_1_402' title='bbox 1211 2209 1244 2239; x_wconf 88' lang='lat' dir='ltr'>in</span> <span class='ocrx_word' id='word_1_403' title='bbox 1261 2208 1374 2248; x_wconf 77' lang='lat' dir='ltr'>proelio</span> 
     </span>
     <span class='ocr_line' id='line_1_48' title="bbox 219 2253 549 2293; baseline 0.006 -11"><span class='ocrx_word' id='word_1_404' title='bbox 219 2262 297 2283; x_wconf 90' lang='lat' dir='ltr'>cum</span> <span class='ocrx_word' id='word_1_405' title='bbox 312 2253 409 2288; x_wconf 83' lang='lat' dir='ltr'>Boiis,</span> <span class='ocrx_word' id='word_1_406' title='bbox 425 2264 479 2293; x_wconf 83' lang='lat'>33,</span> <span class='ocrx_word' id='word_1_407' title='bbox 497 2255 549 2291; x_wconf 85' lang='lat'>36.</span> 
     </span>
    </p>

    <p class='ocr_par' dir='ltr' id='par_1_21' title="bbox 175 2294 1372 2423">
     <span class='ocr_line' id='line_1_49' title="bbox 175 2294 1372 2335; baseline -0.002 -9"><span class='ocrx_word' id='word_1_408' title='bbox 175 2294 210 2327; x_wconf 89' lang='lat' dir='ltr'>P.</span> <span class='ocrx_word' id='word_1_409' title='bbox 228 2295 381 2326; x_wconf 77' lang='lat' dir='ltr'>Claudius</span> <span class='ocrx_word' id='word_1_410' title='bbox 397 2297 545 2333; x_wconf 84' lang='lat' dir='ltr'>Pulcher,</span> <span class='ocrx_word' id='word_1_411' title='bbox 559 2295 661 2327; x_wconf 80' lang='lat' dir='ltr'>aedilis</span> <span class='ocrx_word' id='word_1_412' title='bbox 676 2294 807 2332; x_wconf 84' lang='lat' dir='ltr'>eurulis,</span> <span class='ocrx_word' id='word_1_413' title='bbox 825 2297 879 2334; x_wconf 90' lang='lat'>38,</span> <span class='ocrx_word' id='word_1_414' title='bbox 895 2302 947 2335; x_wconf 85' lang='lat'>35.</span> <span class='ocrx_word' id='word_1_415' title='bbox 964 2301 1087 2326; x_wconf 81' lang='lat' dir='ltr'>creatus</span> <span class='ocrx_word' id='word_1_416' title='bbox 1103 2301 1228 2335; x_wconf 79' lang='lat' dir='ltr'>praetor,</span> <span class='ocrx_word' id='word_1_417' title='bbox 1246 2295 1372 2325; x_wconf 85' lang='lat' dir='ltr'>sortitur</span> 
     </span>
     <span class='ocr_line' id='line_1_50' title="bbox 215 2336 1371 2379; baseline -0.001 -11"><span class='ocrx_word' id='word_1_418' title='bbox 215 2337 469 2376; x_wconf 70' lang='lat' dir='ltr'>jurisdie&#39;tionem</span> <span class='ocrx_word' id='word_1_419' title='bbox 493 2340 701 2379; x_wconf 82' lang='lat' dir='ltr'>peregrinam,</span> <span class='ocrx_word' id='word_1_420' title='bbox 718 2338 790 2370; x_wconf 76' lang='lat' dir='ltr'>ibid.</span> <span class='ocrx_word' id='word_1_421' title='bbox 812 2338 948 2377; x_wconf 75' lang='lat' dir='ltr'>consul,</span> <span class='ocrx_word' id='word_1_422' title='bbox 956 2347 1009 2379; x_wconf 89' lang='lat'>39,</span> <span class='ocrx_word' id='word_1_423' title='bbox 1033 2347 1084 2378; x_wconf 83' lang='lat'>32.</span> <span class='ocrx_word' id='word_1_424' title='bbox 1109 2338 1257 2370; x_wconf 70' lang='lat' dir='ltr'>triumvir</span> <span class='ocrx_word' id='word_1_425' title='bbox 1282 2336 1371 2369; x_wconf 83' lang='lat' dir='ltr'>colo-</span> 
     </span>
     <span class='ocr_line' id='line_1_51' title="bbox 218 2382 646 2423; baseline 0.002 -10"><span class='ocrx_word' id='word_1_426' title='bbox 218 2382 282 2413; x_wconf 82' lang='lat' dir='ltr'>niae</span> <span class='ocrx_word' id='word_1_427' title='bbox 297 2382 505 2420; x_wconf 67' lang='lat' dir='ltr'>deducendae,</span> <span class='ocrx_word' id='word_1_428' title='bbox 521 2392 577 2423; x_wconf 88' lang='lat'>40,</span> <span class='ocrx_word' id='word_1_429' title='bbox 593 2392 646 2423; x_wconf 75' lang='lat'>29.</span> 
     </span>
    </p>
   </div>
   <div class='ocr_carea' id='block_1_5' title="bbox 1554 1762 1572 2616">
    <p class='ocr_par' dir='ltr' id='par_1_22' title="bbox 1554 1762 1572 2616">
     <span class='ocr_line' id='line_1_52' title="bbox 1554 1762 1572 2616; baseline 0 0"><span class='ocrx_word' id='word_1_430' title='bbox 1554 1762 1572 2616; x_wconf 95' lang='lat' dir='ltr'> </span> 
     </span>
    </p>
   </div>
  </div>
 </body>
</html>
