1572 2616
461 182 848 227 RISTORIARUMv
871 180 1075 211 menos.
1284 170 1362 227 183

178 261 376 299 Philetaerus,
389 262 484 292 frater
500 261 665 295 Eumenis,
680 271 737 301 42,
754 269 805 302 55.

178 305 349 344 Philippei,
367 306 494 335 nummi
512 306 612 342 aurei,
631 314 684 344 34,
701 314 753 346 52.
779 312 832 343 37,
850 312 901 346 59.
927 315 979 345 39,
998 312 1027 345 5.
1045 311 1076 334 et
1094 313 1123 341 7.
1146 314 1203 344 44,
1225 314 1276 345 14.

177 347 415 387 Philippopolis,
434 357 484 386 39,
503 354 555 386 25.

179 390 348 429 Philippus
363 390 582 420 Macedonum
599 399 664 420 rex.
680 390 720 419 ad
734 399 811 420 eum
832 390 928 430 legati
954 389 1048 427 miffi,
1064 390 1105 420 ad
1131 390 1370 430 deposcendum

222 433 427 464 Demetrium
441 433 605 469 Pharium,
623 443 676 468 22,
698 442 748 470 33.

265 475 384 514 legatos
400 476 499 506 mittit
515 476 554 505 ad
570 476 781 512 Annibalem,
797 485 849 511 22,
865 485 916 513 33.
939 485 1015 505 eum
1031 476 1113 505 inter
1127 482 1157 505 et
1172 476 1371 506 Annibalem

221 519 346 548 foederis
363 519 456 557 leges,
477 518 548 548 ibid.
572 519 611 548 ad
627 528 703 548 eum
720 518 814 558 legati
831 519 1017 556 Poenorum,
1035 529 1088 558 34.
1112 518 1306 558 legationem
1328 520 1374 549 al·

223 567 323 590 teram
340 562 379 590 ad
397 561 591 592 Annibalem
611 561 720 594 mittit,
739 571 790 601 39.

267 604 389 634 bellum
408 612 516 634 movet
532 614 646 643 parum
664 604 808 643 prospexo
824 611 955 640 eventu,
974 614 1027 643 24,
1043 614 1098 643 40.

268 646 405 676 subitam
432 648 672 686 expeditionem
701 647 732 676 in
760 647 966 676 Oricinorum
996 655 1090 685 atque
1113 646 1374 686 Apolloniatium

223 689 303 718 fines
320 690 407 726 facit,
424 692 478 726 26,
498 698 549 730 25.
574 691 606 719 in
626 689 822 720 Thessaliam
847 689 1021 726 descendit,
1039 689 1110 720 ibid.
1133 690 1213 720 redit
1238 690 1373 727 Pellam,

222 731 292 761 ibid.

266 775 394 804 Achaeis
421 775 579 804 auxilium
604 775 674 812 fert,
692 783 744 812 27,
773 786 822 815 29.
850 781 876 803 et
902 783 953 812 30.
977 775 1076 805 vincit
1098 774 1236 812 AEtolos,
1255 774 1325 804 ibid.
1352 776 1376 805 it

225 817 258 846 in
285 817 554 857 Peloponnesum,
581 818 651 847 ibid.
686 817 809 857 repellit
834 818 1011 853 Romanos,
1041 817 1231 857 populantes
1259 827 1373 856 agrum

223 860 441 896 Corinthium,
460 871 511 899 31.
536 860 724 900 popularem
740 861 769 890 se
786 861 917 900 praebet,
935 860 1006 890 ibid.
1029 861 1098 898 ejus
1115 860 1313 891 intoleranda
1336 861 1376 891 li-

224 903 311 939 bido,
329 903 400 934 ibid.
423 904 648 943 Polycratiam,
667 904 754 933 Arati
771 905 970 934 Achaeorum
994 904 1144 942 principis
1160 913 1310 941 uxorem,
1328 905 1376 934 as-

227 953 331 994 portat
348 947 379 975 in
400 946 642 983 Macedoniam,
661 946 732 977 ibid.
756 946 938 986 periculum
953 946 1021 983 ejus
1036 954 1065 976 et
1081 946 1208 985 insignis
1224 947 1376 977 fortitudo

227 989 258 1017 in
275 998 383 1027 pugna
399 990 544 1019 adversus
567 989 745 1026 Romanos,
762 999 939 1028 eorumque
954 989 1065 1025 socios,
1084 999 1134 1027 32
1158 989 1237 1019 redit
1253 990 1286 1020 in
1303 990 1376 1021 Ma-

231 1032 342 1060 cedoni
338 1041 414 1069 am,
431 1032 502 1061 ibid.

271 1076 414 1104 hortatur
438 1084 475 1103 ac
502 1081 608 1104 tuetur
631 1061 772 1111 socios,
759 1076 812 1111 ,8,
831 1082 860 1114 5.
885 1074 1012 1104 Attalus
1027 1074 1126 1104 ferme
1148 1074 1188 1104 ab
1210 1085 1247 1105 eo
1269 1076 1376 1114 oppri-

227 1117 337 1152 mitur,
359 1125 385 1153 7.
410 1118 494 1156 capit
519 1117 697 1152 Toronem,
720 1117 848 1154 urbem,
864 1117 935 1147 ibid
960 1117 1026 1154 eJ'us
1039 1124 1139 1147 metu
1165 1117 1378 1149 Machanidas

228 1159 433 1197 compressus,
451 1160 522 1188 ibid.
549 1161 615 1197 eJ'us
632 1161 732 1190 oratio
749 1161 782 1189 in
798 1160 937 1190 concilio
952 1161 1162 1196 Athaeorum‚
1180 1162 1210 1191 8.
1234 1160 1350 1191 classe
1344 1172 1377 1191 in

228 1203 383 1232 AEtoliam
401 1203 579 1238 contendit,
597 1203 669 1233 ibid.
693 1204 726 1232 in
751 1213 886 1242 regnum
912 1203 1003 1240 redit,
1029 1210 1064 1233 ut
1085 1203 1243 1233 Dardanis
1266 1204 1378 1235 inferat

229 1245 366 1282 bellum,
383 1245 454 1275 ibid.

271 1288 297 1317 ei
321 1289 460 1318 ducenta
485 1288 606 1327 argenti
631 1288 750 1318 talenta
775 1287 967 1327 pollicentur
990 1288 1276 1327 Carthaginienses,
1292 1297 1328 1319 ut
1345 1290 1379 1320 in

229 1331 372 1361 Siciliam
397 1338 451 1361 aut
475 1331 601 1361 Italiam
630 1331 778 1368 trajiciat,
797 1341 850 1371 29,
866 1343 899 1370 4.
923 1341 999 1362 cum
1024 1341 1061 1361 eo
1087 1340 1201 1371 pacem
1218 1332 1318 1362 AEtoli
1335 1334 1382 1363 fa-

231 1376 334 1410 ciunt‚
354 1383 402 1404 12.
427 1375 569 1413 itemque
585 1374 734 1407 Romani,
751 1373 823 1404 ibid.

274 1426 326 1455 per
342 1416 460 1455 legatos
478 1418 554 1455 petit
571 1417 625 1446 sibi
644 1417 758 1446 restitui
784 1417 992 1453 Macedonas,
1008 1417 1062 1455 qui
1080 1417 1164 1456 apud
1180 1417 1378 1449 Annibalem

233 1459 379 1489 mercede
403 1459 599 1496 militassent,
617 1460 765 1498 captique
781 1460 813 1488 in
831 1458 969 1489 vinculis
992 1460 1103 1494 estent,
1124 1469 1175 1498 30,
1191 1470 1245 1499 42.
1271 1460 1338 1491 vid.
1352 1468 1380 1490 et

234 1512 283 1540 33.
310 1503 391 1532 triste
407 1502 589 1541 responsum
607 1502 717 1541 legatis
733 1512 751 1531 a
768 1501 876 1532 senatu
893 1502 1066 1538 redditum,
1082 1511 1136 1542 42.

273 1545 301 1574 ei
318 1544 439 1574 bellum
457 1545 627 1581 indiffium,
647 1555 698 1583 31,
718 1546 811 1584 5-8.
835 1544 1001 1584 Philippus
1025 1552 1190 1585 oppugnat
1210 1546 1377 1585 Abydum,

235 1596 284 1626 ¹4·
308 1588 410 1618 foedus
435 1588 503 1625 ejus
529 1597 607 1618 cum
635 1588 808 1620 Antiocho,
833 1587 930 1627 Syriae
956 1597 1038 1625 rege,
1057 1588 1127 1617 ibid.
1151 1588 1273 1618 bellum
1299 1590 1380 1619 inter

232 1640 308 1659 eum
325 1638 355 1660 ct
374 1632 594 1665 Athenienses,
611 1631 683 1661 ibid.
707 1640 810 1669 quum
841 1639 922 1668 aegre
948 1631 1107 1660 sustineret
1129 1630 1276 1661 Attalum
1293 1632 1381 1662 Rho-

232 1673 361 1712 diosque
385 1675 500 1711 hostes,
519 1684 558 1703 ne
576 1674 725 1704 Romano
741 1673 870 1712 quidem
891 1672 973 1702 bello
990 1681 1131 1709 terretur,
1155 1675 1202 1704 16.
1226 1674 1381 1714 Abydum

234 1718 332 1754 capit,
349 1716 419 1747 ibid.
436 1724 462 1746 et
482 1724 529 1753 17.
554 1727 629 1747 eum
647 1716 794 1747 audaEter
817 1715 996 1755 adloquitur
1015 1717 1062 1745 M.
1077 1717 1243 1752 AEmilius,
1259 1717 1384 1757 legatus

236 1758 415 1795 Romanus,
437 1761 484 1789 18.
511 1760 631 1789 insueto
649 1769 717 1789 tera
734 1759 840 1789 audire
857 1759 987 1789 ferocior
1004 1761 1126 1789 videtur
1150 1759 1243 1798 legati
1267 1762 1381 1798 oratio,

235 1801 305 1831 ibid.
327 1802 492 1840 Philippus
509 1805 584 1841 petit
598 1804 755 1838 Athenas,
773 1812 822 1840 24.
839 1802 902 1831 edit
920 1802 1068 1841 proelium
1084 1803 1292 1832 memorabile
1305 1813 1383 1834 cum

235 1845 496 1880 Atheniensibus,
512 1845 582 1875 ibid.
607 1846 735 1880 recedit,
753 1852 782 1873 et
799 1845 910 1873 omnia
926 1846 1010 1874 circa
1025 1846 1168 1874 Athenas
1183 1846 1292 1882 diruit,
1309 1846 1381 1877 ibid.

237 1887 374 1916 Achaeos
397 1887 545 1917 Romano
571 1887 688 1926 illigare
713 1887 796 1917 bello
819 1887 926 1916 frustra
950 1894 1096 1924 conatur,
1114 1897 1165 1927 25.
1190 1889 1334 1919 Athenas
1353 1897 1386 1920 et

237 1929 394 1959 Piraeeum
420 1931 528 1959 frustra
554 1937 667 1967 tentat,
693 1932 743 1960 26.
767 1930 863 1959 diruit
887 1930 1006 1967 templa
1030 1931 1113 1959 circa
1137 1931 1293 1968 Athenas,
1311 1932 1384 1962 ibid.

238 1982 307 2009 eJus
331 1980 512 2011 apparatuS,
531 1974 579 2003 28.
605 1973 724 2011 legatos
748 1973 846 2001 mittit
863 1973 901 2001 ad
919 1973 1057 2008 .Etolos,
1074 1973 1142 2002 ibid.
1169 1973 1300 2003 miratur
1322 1975 1387 2004 Ro-

239 2024 412 2044 mantnum
439 2017 548 2051 castra,
572 2025 622 2054 34.
646 2015 795 2045 detrectat
823 2024 980 2053 pugnam,
1006 2016 1054 2053 36.
1080 2016 1174 2045 caedit
1202 2025 1297 2055 vagos
1321 2018 1385 2047 fru-

240 2066 432 2087 mentatores
450 2058 625 2093 Romanos,
641 2058 712 2087 ibid.
731 2057 902 2096 repellitur,
919 2066 968 2095 37.
987 2059 1018 2087 in
1037 2068 1156 2096 magno
1171 2059 1214 2088 est
1230 2060 1386 2097 periculo,

241 2099 311 2129 ibid.
338 2101 465 2136 recedit,
482 2104 532 2138 38.
549 2102 642 2130 czedit
658 2101 796 2138 nimios,
813 2110 864 2138 4¹·
882 2107 910 2129 et
927 2110 979 2139 42.
998 2101 1029 2130 in
1046 2111 1122 2131 eum
1139 2101 1388 2133 Atheniensium

240 2143 377 2179 decreta,
393 2153 446 2182 44.

283 2186 504 2222 Thaumacos,
531 2187 639 2216 frust'ra
667 2193 817 2222 tentatos,
845 2186 953 2216 (leserit
981 2185 1159 2225 Philippus,
1186 2196 1238 2224 32,
1263 2197 1296 2227 4.
1319 2188 1389 2225 ejus

243 2230 385 2257 anxietas
406 2235 435 2258 et
460 2238 558 2264 curae,
578 2238 606 2268 5.
631 2229 780 2259 conciliat
806 2229 860 2258 sibi
883 2229 1012 2258 Graecos
1037 2237 1064 2257 et
1091 2229 1386 2265 Mace‹10nas,ibid.

243 2277 381 2308 occupat
397 2274 502 2301 lauces
516 2272 711 2310 Antigoniae‚
730 2271 800 2300 ibid.
819 2273 915 2301 castra
933 2272 1021 2310 ponit
1038 2272 1075 2300 ad
1095 2272 1215 2310 Aoum,
1233 2252 1303 2302 ibid.
1321 2273 1389 2311 ejus

244 2312 444 2360 colloquium
462 2323 537 2343 eum
552 2315 589 2344 ’.Γ
611 2315 744 2344 Quintio
761 2314 904 2350 consule,
929 2323 974 2345 10
997 2323 1071 2343 cum
1090 2294 1267 2351 aggreditur
1284 2315 1390 2347 Quin-

246 2355 308 2384 tius
324 2355 472 2394 etsugerc
486 2357 569 2394 cogit
587 2358 617 2386 in
631 2357 839 2394 lhcfl‘ahanr,
862 2366 907 2387 12.
932 2357 963 2385 in
983 2357 1208 2387 Macedoniam
1225 2358 1390 2398 Philippus

245 2398 338 2436 redit,
359 2407 406 2436 13.
430 2398 497 2436 ejus
521 2400 666 2430 societate
683 2400 801 2437 reli61a,
827 2400 939 2430 Achaei
964 2402 991 2429 lc
1015 2399 1196 2440 adjungunt
1220 2401 1388 2440 Romanis,
