1572 2616
234 184 292 241 38
656 197 993 228 ROMANORUM

237 285 452 326 provinciam,
467 283 610 324 superbe,
624 295 728 323 avare,
740 286 907 316 crudeliter
923 285 1174 323 administrasset,
1186 286 1284 317 socios
1298 286 1422 326 spolias-4

238 329 282 359 set
298 336 328 358 et
344 328 515 367 diripuifl'et
530 340 536 356 2
555 328 715 358 absolutus
732 331 775 359 est
791 330 1018 369 praevaricante
1035 329 1165 360 Clodio:
1191 332 1273 360 testis
1288 330 1421 360 Asconi-

240 381 292 407 us,
309 372 394 410 quod
412 371 495 400 idem
510 370 675 401 Sallustius
693 373 722 401 in
741 372 832 401 Catil.
847 373 952 402 tradit.
978 372 1097 402 Iterum
1114 374 1194 402 inter
1209 373 1332 402 sicarios
1348 383 1365 402 a
1382 373 1418 403 L.

237 413 382 449 Lucullo,
394 414 526 449 Caesare,
542 413 653 452 Figulo
665 414 860 450 consulibus,
872 416 955 453 quod
970 414 1058 444 Sulla
1073 416 1260 445 dominante
1272 415 1422 454 complu-

236 467 284 487 res
301 456 488 495 peremiffct.
524 456 680 486 Asconius
697 456 738 486 Q.
755 457 925 487 Caecilium
950 458 1111 494 nominat,
1129 458 1175 488 M.
1188 458 1418 496 Volumnium,

237 500 271 530 L.
284 499 486 534 Tamffium,
503 499 549 529 M.
563 499 701 528 Matium
720 499 958 535 Gratidianum,
971 500 1063 537 cujus
1077 508 1172 539 caput
1186 501 1352 530 abscissum
1364 510 1419 539 pet·

236 543 351 573 urbem
365 543 419 572 sua
436 551 534 571 manu
553 541 676 572 tulerat.
701 542 792 572 Idem
811 543 951 572 Quintus
967 543 1002 572 fr.
1015 543 1053 572 <le
1070 544 1221 582 petitione
1236 543 1420 574 consulatus

236 586 353 622 scribit,
371 592 401 614 et
417 586 480 615 Dio
496 584 551 614 lib.
569 585 695 616 xxxvii.
711 585 837 615 Orofius
853 592 960 614 tamen
975 585 1031 615 lib.
1043 587 1084 615 vi.
1099 595 1130 624 3.
1145 595 1241 624 quem
1260 586 1419 616 Seb.Cor-

236 629 331 658 radus
355 627 606 667 praestantiffirno
622 627 668 656 vir
698 628 828 666 ingenio
854 629 1004 666 sequitur,
1030 630 1154 658 tertiam
1179 629 1419 660 accusationem

233 671 382 702 Catilinae
398 672 436 700 de
453 671 571 700 incestu
589 670 715 709 profert,
733 671 817 708 quod
840 680 917 701 cum
941 671 1038 700 Fabia
1054 671 1166 701 Vestali
1183 672 1302 710 virgine
1325 681 1418 700 com-

235 715 349 745 mififfe
365 714 563 752 arguebatur.
592 713 687 743 Quod
704 713 814 743 falsum
833 714 893 743 effe
912 713 1098 743 Plutarchus
1114 720 1143 743 et
1156 714 1311 744 Asconius
1327 724 1417 753 aper-

232 764 265 787 te
283 758 435 787 indicant.
474 757 585 794 Neque
601 756 687 785 enirn
707 756 843 785 Catilina
859 756 926 793 ejus
943 757 1085 786 criminis
1105 757 1148 786 est
1170 757 1347 794 accusatus,
1365 758 1416 787 sed

235 800 344 837 Fabia,
361 801 448 838 virgo
464 798 608 834 Vestalis,
623 799 752 828 causam
777 799 884 828 incesti
908 799 1040 835 dixerat,
1055 808 1132 828 cum
1148 800 1175 828 ei
1199 800 1337 829 Catilina
1359 800 1418 829 ob-

228 843 390 882 jiceretur.
435 841 647 871 Consulatum
669 849 714 871 ter
738 842 827 880 petiit
850 842 999 871 Catilina.
1047 842 1152 871 Primo
1171 842 1280 878 Tullo,
1299 843 1417 881 Lepido

233 885 438 916 consulibus:
457 885 534 914 ratio
551 890 659 913 tamen
675 884 742 922 ejus
755 884 864 914 habita
877 894 940 914 non
957 885 1012 918 est,
1030 884 1115 922 quod
1133 894 1209 914 cum
1226 887 1416 923 repetunda-

234 938 306 958 rum
330 938 400 957 reus
427 927 511 961 effet,
539 927 621 956 intra
642 926 801 965 legitimos
829 928 895 956 dies
922 927 1058 965 profiteri
1083 927 1271 965 nequiverit,
1289 927 1415 958 auftore

233 971 390 1001 Sallustio.
415 970 577 1006 Secundo,
595 979 672 999 cum
687 971 837 1005 Curione,
850 969 974 1008 Figulo,
988 969 1060 999 Cael
1058 979 1107 998 are
1124 969 1318 1000 consulibus.
1338 971 1416 1001 Ter-

233 1015 292 1051 tio,
306 1014 471 1048 Cicerone,
490 1013 632 1041 Antonio
648 1012 844 1047 consulibus,
860 1020 897 1041 ac
923 1019 993 1041 tum
1011 1021 1141 1050 quoque
1158 1012 1303 1042 Muraena
1319 1020 1349 1043 ct
1367 1014 1415 1044 Si-

232 1056 309 1086 lano
331 1056 516 1086 consulibus
539 1055 706 1093 desgnatis
730 1055 884 1094 repulsam
904 1055 988 1084 tulit.
1032 1054 1242 1092 Conjuravit
1237 1065 1268 1084 tn
1286 1065 1414 1095 rempu-

231 1099 352 1130 blicam
363 1109 439 1129 cum
454 1099 513 1128 Cn.
527 1098 636 1127 Pisone
649 1098 765 1136 primo,
777 1097 887 1134 Tullo,
900 1097 1016 1136 Lepido
1027 1097 1220 1127 consulibus.
1243 1099 1414 1129 Suetonius

229 1144 266 1172 in
284 1143 414 1172 Caesare.
438 1141 615 1171 Sallustius.
647 1140 759 1170 Cicero
776 1149 831 1179 pro
856 1140 955 1169 Sulla.
989 1140 1053 1169 Dio
1069 1139 1124 1169 lib.
1146 1141 1258 1171 xxxvi.
1288 1141 1413 1172 Deinde

233 1185 400 1220 Cicerone,
417 1183 559 1214 Antonio
582 1183 778 1220 consulibus,
794 1192 866 1221 quae
882 1183 1013 1220 quidem
1038 1181 1228 1218 conjuratio,
1245 1183 1358 1213 virtute
1381 1191 1414 1214 et

233 1227 370 1258 mirifica
387 1227 548 1256 Ciceronis
564 1225 726 1264 vigilantia
742 1224 883 1264 oppressa
897 1226 938 1254 est
955 1231 985 1254 et
997 1225 1160 1254 exstineta.
1193 1225 1260 1264 Ipse
1276 1226 1414 1256 Catilina

232 1279 253 1300 a
269 1270 317 1300 M.
332 1269 453 1301 Petreio
469 1269 601 1298 Antonii
616 1267 754 1298 consulis
776 1268 879 1307 legato
901 1268 933 1296 in
951 1276 1024 1306 agro
1041 1267 1208 1297 Pistorienfi
1226 1277 1302 1298 curn
1327 1279 1416 1298 exer-

237 1315 301 1343 citu
320 1314 441 1342 deletus
458 1313 512 1341 est.
547 1311 695 1350 Epitome
711 1312 762 1340 cii.
776 1317 806 1339 et
822 1310 975 1348 sequenti.
1005 1311 1172 1348 Appianus
1190 1311 1304 1348 primo.
1342 1312 1414 1341 Plu-

233 1356 363 1387 tarchus
379 1356 410 1385 in
429 1355 591 1385 Cicerone.
607 1353 671 1384 Dio
685 1353 740 1384 lib.
757 1354 880 1384 xxxvii.
898 1353 1062 1384 Sallustius
1080 1353 1112 1383 in
1128 1353 1321 1385 Catiltnzuio.
1346 1355 1413 1386 Vir·

232 1400 326 1439 gilius
342 1399 398 1429 lib.
414 1398 484 1429 viii.
