1572 2616
165 184 219 215 est.
268 184 361 215 Vale-

167 229 230 258 rius
272 229 361 258 hunc

167 272 358 310 repetunda-

167 323 242 344 rum
278 314 358 353 lege,

167 365 245 387 cum

168 409 244 430 men
292 411 363 440 pro-

168 444 312 474 vinciam

168 495 233 515 non
259 487 362 517 admi—

166 530 330 567 nistraffet‚

166 572 302 602 damna-

165 620 250 652 tum,
288 625 359 654 cap.

165 659 258 688 tertio
291 659 362 689 libri

164 700 244 731 sexti
289 703 362 733 scri·

163 743 222 775 bit.

512 104 770 134 PATRICIAE
808 105 1028 134 GENTES.

405 184 540 224 pellatus
556 186 610 215 est.
651 185 709 215 ΖΕ-

405 228 476 258 dilis
499 228 632 265 curulis,
652 237 709 257 an-

407 281 449 301 no
486 273 558 311 584.
603 272 709 301 Livius

405 314 458 343 lib.
476 315 554 344 xliv.
590 314 707 344 Consul

405 367 483 387 curn
507 358 543 388 C.
568 357 705 394 Marcro,

406 410 493 430 anno
525 409 596 439 591.
634 401 708 431 Cas-

407 444 555 474 fiodorus.
622 444 708 474 Vitio

406 487 506 516 {afrus
535 487 708 517 abdicavit.

407 530 518 559 Cicero
549 531 587 560 de
619 531 709 560 Divi-

406 579 472 603 nat.
490 579 520 602 et
537 581 603 603 nat.
624 574 709 603 Deo-

406 626 478 646 rum
496 617 528 646 ii.
565 616 709 646 Valerius

406 658 463 689 lib.
494 659 514 689 i.
548 659 586 689 de
620 659 710 690 cultu

405 703 563 733 Deorum.
594 703 712 732 Censor

406 754 483 775 cum
498 745 547 775 M.
562 746 710 784 Popillio,

403 798 491 819 anno
509 796 582 828 594.
599 789 711 819 Cicero

404 832 437 861 in
455 832 564 862 Bruto,
589 832 709 862 Plinius

403 874 460 906 lib.
503 876 617 905 xxxiv.
678 877 709 906 6.

406 918 564 947 Masurius
622 918 712 948 Sabi-

406 970 466 990 nus
483 960 619 1000 septimo
643 971 712 991 me-

405 1004 639 1034 morabilium:
665 1011 709 1034 re-

404 1047 457 1077 stis
492 1047 615 1077 Gellius
654 1047 710 1078 lib.

405 1090 447 1119 iv.
491 1099 539 1128 ¹9·
590 1090 708 1120 Consul

407 1143 450 1168 11,
463 1142 540 1163 cum
555 1133 602 1163 M.
615 1134 710 1164 Clau-

405 1177 469 1212 dio,
509 1186 596 1206 anno
634 1178 708 1218 598.

406 1219 616 1250 Caffiodorus.
660 1221 710 1250 De

405 1263 565 1293 Dalmatis
595 1264 711 1293 trium-

407 1307 528 1344 phavit.
561 1306 711 1345 Epitoma

405 1349 497 1378 xlvii.
539 1350 710 1379 Frontinus

406 1401 476 1431 cap.
502 1393 532 1422 6.
556 1392 627 1422 libri
651 1400 711 1422 ter-

407 1436 452 1466 tii.

549 1478 560 1508 1

406 1521 438 1552 P.
462 1521 708 1552 CORNELIUS

409 1574 433 1594 ν.
465 1575 492 1595 r.
523 1575 550 1594 Ρ.
578 1575 612 1595 N.
639 1575 710 1595 scr-

408 1618 464 1638 rro
495 1617 623 1638 NASICA
655 1618 709 1637 sz-

408 1661 552 1681 κΛνιοΝ.
584 1652 709 1681 Primus

406 1695 516 1724 absens
586 1704 709 1723 ΡοΝτῐ-

408 1747 470 1766 νεκ
530 1747 707 1767 MAxrmus

404 1780 506 1809 smus
523 1781 576 1810 est.
623 1781 710 1810 Con-

406 1823 449 1852 sul
477 1833 553 1852 cum
582 1823 624 1853 D.
651 1824 709 1853 Ju-

407 1868 473 1901 nio,
513 1875 599 1896 anno
634 1867 708 1905 615.

406 1909 616 1939 Calliodorus.
671 1909 710 1939 E-

405 1951 586 1991 pitomalv.
620 1952 710 1982 Cicc—

405 2004 438 2024 ro
457 1995 486 2024 in
502 1995 612 2032 Bruto,
626 2002 656 2024 ct
670 1996 708 2025 de

405 2037 529 2077 legibus
559 2040 662 2074 tertio,
691 2048 708 2068 a

406 2081 439 2111 P.
455 2081 596 2111 Curiatio
610 2083 708 2111 tribu-

407 2134 450 2153 no
467 2124 509 2163 pl.
528 2125 558 2153 in
580 2125 710 2154 vincula

407 2167 591 2204 conjcfiturn
639 2169 708 2197 scri-

407 2209 466 2239 bit.
512 2211 600 2240 ldcm
617 2212 710 2241 tradit

409 2251 552 2283 Valerius
568 2253 648 2283 libro
667 2255 709 2284 iii.

411 2303 440 2332 7.
455 2296 506 2325 Ti.
523 2297 710 2326 Gracchum

409 2338 550 2378 privatus
587 2340 713 2371 interfe-

752 184 902 224 Polybius
918 184 973 215 lib.
989 193 1023 214 x.
1047 190 1078 214 et

753 229 799 258 xi,
812 228 919 257 Livius
931 228 984 257 lib.
1000 237 1078 257 xxv.

753 278 783 301 et
800 271 915 301 xxviii.
959 270 1078 300 Consul

754 324 830 344 cum
870 314 904 344 P.
940 314 1076 351 Licinio,

754 368 840 387 anno
859 359 933 397 548.
961 357 1079 387 Caffio-

753 401 859 430 dorus.
879 401 1004 431 Procos.
1022 400 1080 440 Sy-

753 445 892 483 phacem
912 444 1079 473 Numidiae

753 496 873 525 regem,
905 494 936 516 et
963 486 1081 517 Asdru-

755 530 861 560 balem
914 530 1080 568 Carthagi-

756 573 903 602 nensium
961 573 1080 603 ducem

755 616 953 655 profligavit:
983 617 1082 645 castra

755 659 921 689 incendit:
958 659 1082 699 Sypha-

755 712 826 732 cem
845 711 951 741 regem
971 702 1079 741 cepit:

754 746 952 775 Annibalem
1013 746 1082 774 acie

755 789 854 818 vicit:
916 788 1083 827 Carthagi-

754 831 917 861 nienfibus
967 840 1081 871 pacem

755 875 852 904 dedit.
880 875 929 904 De
948 875 983 904 iis
1000 875 1082 904 Len-

757 918 837 954 tulo,
885 919 973 948 Paeto
997 926 1080 948 cosS.

755 960 965 991 clariffimum
1027 962 1080 990 tri-

754 1004 918 1043 umphurn
937 1003 1012 1042 egit.
1030 1004 1082 1033 Li-

755 1047 824 1077 vius
841 1046 897 1076 lib.
914 1056 994 1076 xxx.
1021 1047 1080 1076 Po-

753 1089 862 1130 lybius
885 1088 940 1120 lib.
958 1090 1024 1120 xiv.
1049 1096 1081 1120 et

753 1143 807 1164 xv.
852 1133 1020 1172 Appianus
1047 1133 1079 1162 in

754 1176 898 1207 Punicis.
971 1175 1080 1205 Florus

755 1219 810 1250 lib.
837 1220 868 1249 ii.
892 1219 920 1248 6.
967 1219 1081 1249 Eutro-

756 1264 827 1302 pius
841 1262 896 1292 lib.
908 1262 949 1292 iv.
962 1262 1080 1292 Censor

755 1315 834 1336 cum
858 1305 891 1336 P.
906 1305 1006 1342 AElio,
1023 1315 1080 1335 an-

755 1358 797 1378 no
816 1357 888 1389 554.
906 1349 1012 1378 Livius
1025 1349 1080 1379 lib.

754 1394 842 1422 xxxi.
885 1391 1002 1421 Consul
1038 1401 1080 1429 11,

754 1444 832 1465 cum
855 1435 907 1465 Ti.
932 1434 1081 1473 Sempro-

753 1479 821 1515 nio,
868 1487 955 1507 anno
1003 1486 1077 1518 559.

753 1520 964 1551 Caffiodorus.
1028 1522 1079 1550 Li-

754 1565 824 1595 vius
869 1564 926 1594 lib.
966 1566 1080 1595 xxxiv.

754 1608 866 1638 Cicero
892 1608 923 1636 in
945 1607 1079 1638 Catone.

753 1652 781 1681 A
815 1650 958 1690 populari
998 1660 1077 1681 con·

754 1694 829 1724 sessu
845 1694 997 1723 senatoria
1009 1694 1078 1724 sub-

753 1737 838 1767 sellia
849 1737 1011 1776 separavit.
1025 1737 1078 1767 Ci-

754 1789 826 1809 cero
887 1780 925 1809 de
965 1782 1076 1819 Arui‘p.

754 1824 831 1862 rcl'p.
861 1823 897 1854 In
915 1823 1079 1852 Cornelia-

755 1876 808 1902 na,
826 1873 856 1895 et
878 1865 998 1896 ibidem
1022 1867 1078 1896 As-

755 1919 826 1938 con.
861 1909 990 1946 Literni,
1015 1920 1080 1948 quo

756 1952 784 1981 se
799 1952 864 1990 post
877 1953 977 1982 fratris
989 1953 1079 1982 dam-

753 1995 917 2025 nationem
964 2003 1078 2026 contu-

754 2037 829 2067 lerat
855 2045 1000 2068 mortuus
1022 2041 1078 2075 cst,

754 2091 840 2111 anno
855 2083 927 2121 568.
943 2082 1009 2111 Liv.
1023 2082 1078 2113 lib.

754 2125 866 2154 xxxix.
890 2124 1078 2156 Plutarchus

755 2168 785 2197 in
805 2168 880 2197 vita.
918 2168 1028 2198 Cicero
1046 2170 1077 2198 in

754 2211 887 2241 Catone.
935 2211 1078 2242 Valerius

755 2254 809 2283 lib.
830 2264 858 2284 v.
877 2264 906 2294 3.
925 2261 955 2285 et
973 2254 1028 2285 lib.
1047 2255 1079 2286 ii.

758 2297 818 2337 5·'

1303 107 1356 151 99

1121 183 1177 215 lib.
1209 184 1251 216 iv.
1296 187 1363 227 Ap-

1123 228 1237 267 pianus
1254 229 1287 259 in
1303 230 1365 271 Sy-

1122 272 1226 301 riacis.
1288 273 1366 304 Plu·

1122 315 1223 344 tarch.
1241 316 1275 345 in
1297 316 1366 346 Sci·

1123 358 1231 396 pione.
1265 359 1366 390 Asco-

1124 402 1197 430 nius
1226 402 1256 431 in
1288 403 1365 433 Ver-

1124 445 1184 474 rin.
1202 445 1245 474 iii.
1271 445 1364 476 Vale·

1124 488 1188 517 rius
1203 487 1258 518 lib.
1273 488 1315 518 iv.
1333 496 1366 520 et

1126 540 1155 561 v.
1182 540 1211 570 5.
1257 532 1366 563 Accu-

1125 573 1208 603 satus
1267 585 1366 614 pecu-

1126 626 1189 646 niae
1217 624 1320 657 captae
1346 629 1368 650 a

1125 669 1209 698 rege,
1229 661 1366 692 damna-

1125 709 1176 732 tus
1189 704 1243 734 est.
1258 704 1369 737 Livius

1125 745 1181 775 lib.
1226 749 1366 780 xxxviii.

1126 789 1250 820 Gellius
1310 791 1369 823 lib.

1126 832 1168 862 iv.
1190 834 1239 863 18.
1272 833 1367 866 Vale-

1126 876 1190 906 rius
1215 875 1272 907 lib.
1297 879 1367 910 viii.

1130 928 1157 948 1.
1211 919 1367 952 Meminit

1126 961 1238 992 Cicero
1254 974 1310 1003 p1o
1327 965 1365 996 C.

1127 1004 1267 1043 Rabirio,
1332 1015 1366 1038 et

1125 1047 1271 1079 Valerius
1306 1049 1364 1082 lib.

1126 1090 1169 1121 iii.
1191 1101 1217 1121 1.
1234 1098 1265 1122 et
1284 1103 1314 1124 v.
1333 1103 1364 1133 3.

1125 1176 1161 1208 L.
1201 1178 1366 1210 CORNE-

1126 1230 1207 1250 uus
1234 1232 1264 1252 L.
1287 1232 1315 1253 r.
1334 1233 1363 1253 P.

1126 1273 1297 1296 N.SC1P10
1329 1277 1363 1296 A·

1126 1310 1366 1340 S1Arrcus.De

1125 1359 1191 1388 quo
1215 1352 1296 1382 nihil
1313 1362 1370 1384 ac-

1125 1394 1284 1433 cepimus.

1125 1479 1159 1508 L.
1201 1438 1366 1513 CgRNE-

1127 1532 1206 1552 mus
1235 1534 1263 1555 L.
1284 1534 1313 1555 F.
1332 1535 1364 1557 1,.

1128 1575 1161 1595 Ν.
1184 1575 1301 1598 sermo
1329 1580 1365 1599 Α-

1126 1618 1302 1642 ειΑτιουε.

1123 1652 1240 1683 Consul
1283 1664 1362 1686 cum

1123 1696 1161 1725 C.
1193 1697 1362 1737 Norbano,

1123 1748 1210 1769 anno
1272 1743 1346 1778 670.

1123 1782 1334 1816 Caffiodorus.

1123 1824 1233 1855 Viftus
1254 1836 1272 1855 a
1290 1827 1362 1858 Sul-

1123 1867 1154 1897 la
1219 1869 1365 1902 Maffiliae

1124 1910 1290 1943 exsulavit.
1323 1915 1364 1945 E-

1127 1955 1181 1993 pit.
1247 1955 1362 1989 lxxxv.

1126 1998 1290 2036 Appianus
1303 2002 1364 2039 pri-

1123 2050 1189 2070 mo.
1249 2042 1364 2073 Eutro-

1124 2084 1193 2121 pius
1235 2084 1291 2115 lii).
1329 2097 1360 2118 v.

1123 2126 1250 2157 Orosius
1262 2127 1317 2160 lib.
1331 2141 1360 2161 ν.

1125 2178 1174 2199 21.
1199 2170 1308 2202 Florus
1326 2173 1364 2203 li-

1124 2213 1234 2243 brolii.
1248 2224 1296 2245 21.
1308 2216 1361 2247 Ci-

1124 2265 1196 2285 cero
1214 2267 1268 2296 pro
1284 2260 1363 2290 Sex.

1125 2299 1183 2337 tio,
1200 2307 1230 2329 et
1246 2302 1284 2331 ad
1303 2304 1362 2333 At-

1125 2343 1228 2374 ticum
1245 2344 1300 2376 lib.
1318 2347 1364 2378 ix.
