1572 2616
206 124 259 167 92
627 127 969 156 ROMANORUM

204 205 288 254 quis
315 217 404 242 vero
432 212 497 244 aut
524 205 615 256 legit
643 219 827 256 unquam,
848 214 913 245 aut
931 208 989 244 cui
1009 207 1068 244 vel
1085 208 1198 246 fando
1215 209 1397 253 auditum,

205 270 416 318 Scipionem
444 271 633 316 Nasicam,
655 284 731 320 quo
753 271 799 308 de
818 272 879 308 hic
900 273 957 322 agi
978 272 1217 311 manifestum
1249 274 1313 316 est,
1332 275 1396 311 tri·

204 333 353 369 bunum
390 334 440 383 pl.
478 334 618 371 fuiffe?
667 336 909 384 Serapionem
945 336 1049 372 enim
1087 338 1395 386 cognominatum

202 397 315 432 etiam
348 397 383 433 in
421 398 584 446 epitoma
612 398 660 435 lv.
690 398 867 448 scriptum
897 400 1079 436 videmus.
1136 400 1239 437 Nam
1269 406 1311 435 ut
1339 397 1393 434 sa-

201 469 318 497 cratas
350 461 466 512 legeS,
506 469 548 499 ut
584 464 775 512 patriciam
812 463 1031 502 Naficarum
1068 464 1410 514 splendidiffimam*

201 525 382 562 familiam
401 527 625 575 relinquam,
647 534 689 563 ut
707 529 878 564 omittam
907 536 1044 573 cetera,
1067 542 1152 578 quae
1178 541 1255 566 tarn
1277 529 1397 566 multa
1436 557 1439 560 .

200 592 308 627 nobis
324 592 363 628 in
383 598 552 629 mentem
570 594 741 638 veniunt,
763 606 903 637 eumne
929 596 995 644 qui
1024 595 1148 633 studiis
1173 595 1291 645 plebis
1312 602 1394 633 tan-

202 660 331 706 topere
364 656 415 693 est
447 657 670 701 adversam&
703 659 768 708 qui
801 665 956 695 conatus
983 660 1146 708 perditos
1176 659 1394 707 furoresque

198 722 435 759 tribunorum
454 722 680 772 compressit,
700 724 765 772 qui
783 724 842 762 Ti.
865 724 1080 762 Gracchum
1100 726 1261 775 privatus
1278 726 1394 762 inter-

198 784 302 830 fecit,
324 792 402 822 tam
430 792 586 835 repente
614 786 836 836 popularem
862 787 1033 831 extitiffe,
1053 789 1247 824 tribunum
1276 775 1394 837 plebis

200 850 356 895 factum,
377 851 478 900 plebi
508 850 727 888 affentatum
757 852 1076 889 existimabimus?
1106 853 1256 896 Deinde
1276 865 1397 902 quum

200 916 332 964 inquit,
358 916 580 966 Dignusque
614 916 880 953 Africanorum
909 917 1064 962 familia,
1094 917 1232 954 labitur
1260 918 1397 955 eodem

200 981 328 1018 modo.
385 980 582 1018 Diversam
602 981 706 1017 enim
734 981 956 1019 Naficarum
976 982 1050 1019 effe
1067 990 1106 1019 et
1126 983 1394 1020 Africanorum

200 1046 395 1090 familiam,
416 1059 531 1084 nemo
552 1052 652 1083 certe
672 1047 784 1095 paulo
812 1048 965 1096 quidem
994 1048 1175 1085 eruditior
1202 1048 1397 1085 dubitave-

198 1112 258 1148 rit.
315 1113 402 1148 Jam
422 1124 510 1149 vero
538 1112 630 1148 illud
660 1112 817 1148 minime
844 1112 1045 1149 ferendum
1062 1113 1162 1161 quod
1183 1113 1292 1150 tertio
1310 1112 1396 1149 loco

173 1206 175 1219 2
197 1176 337 1219 scribit,
359 1177 498 1224 Neque
518 1177 552 1212 ei
572 1176 643 1212 fuit
672 1177 710 1211 in
736 1176 843 1212 bonis
870 1176 1011 1212 funeris
1040 1176 1220 1225 impensa,
1242 1183 1280 1213 et
1307 1176 1395 1213 reli-

198 1252 299 1289 qua:
332 1252 452 1288 quum
479 1246 519 1277 et
545 1240 679 1276 Cicero
707 1252 774 1289 pro
805 1240 952 1284 Flacco,
971 1246 1010 1276 et
1038 1242 1076 1276 in
1106 1241 1285 1277 Gracchis
1307 1240 1394 1277 Plu-

199 1304 362 1347 tarchus,
396 1305 566 1354 Pergami
599 1304 700 1341 hunc
730 1304 947 1352 Scipionem
977 1311 1172 1342 mortuum
1202 1305 1393 1346 testentur.

202 1369 339 1405 Similis
360 1381 476 1418 prope
505 1369 662 1404 modum
692 1380 795 1404 error
823 1368 875 1404 est
902 1367 998 1404 libro
1017 1369 1079 1405 vii.
1098 1381 1179 1417 cap.
1200 1373 1266 1411 34.
1323 1368 1395 1405 Vir

199 1436 378 1484 optimus»,
409 1436 470 1477 ait,
494 1434 608 1470 semel
638 1446 658 1470 a
687 1433 839 1469 condito
868 1446 948 1470 aevo
971 1432 1159 1482 judicatus
1189 1433 1241 1471 est
1271 1433 1395 1482 Scipio

175 1535 177 1537 ,
200 1499 338 1538 Nafica
365 1512 386 1536 a
409 1498 535 1548 jurato
563 1499 704 1535 senatu.
761 1498 871 1534 Idem
902 1499 939 1534 in
969 1504 1055 1546 toga
1082 1497 1237 1534 candida
1260 1497 1315 1533 bis
1333 1509 1393 1534 re-

199 1565 303 1615 pulsa
323 1571 471 1601 notatus
491 1576 510 1600 a
528 1563 682 1612 popule,
705 1562 740 1598 in
771 1562 917 1600 summa
937 1563 970 1597 ei
990 1562 1028 1597 in
1048 1564 1163 1610 patria
1191 1563 1289 1598 mori
1315 1574 1393 1598 non

197 1631 317 1668 licuit.
376 1630 512 1666 Quum
540 1629 642 1664 enim
671 1628 718 1663 de
747 1627 884 1675 duplici
905 1626 1052 1674 repulsa
1078 1626 1257 1675 loquitur,
1278 1626 1394 1663 vehe-

200 1702 362 1738 menter,
394 1706 481 1730 meo
513 1693 669 1741 quidem
697 1692 836 1735 animo,
863 1691 1014 1727 fallitur.
1069 1691 1201 1728 Altera
1229 1703 1393 1740 namque
1458 1704 1459 1707 ¹

199 1760 256 1796 avi
276 1759 340 1803 est,
360 1758 474 1795 altera
500 1758 659 1806 nepotiS.
715 1755 784 1793 Ille.
804 1757 841 1792 in
860 1756 1014 1792 censura
1037 1755 1223 1804 repulsam
1241 1756 1293 1794 est
1312 1754 1393 1805 pas-

199 1823 273 1867 suS,
294 1829 337 1860 ut
357 1823 483 1859 Livius
503 1822 567 1858 lib.
590 1822 716 1857 xxxix.
738 1820 861 1857 scribit
880 1835 887 1856 :
919 1819 980 1856 hic
999 1820 1037 1855 in
1059 1819 1233 1856 aedilitate
1252 1835 1260 1856 :
1291 1819 1394 1868 quod

198 1889 236 1924 in
267 1888 462 1925 Planciana
491 1887 640 1929 Cicero,
663 1891 702 1921 et
729 1884 899 1921 Valerius
928 1884 974 1919 de
1003 1883 1168 1931 repulfis,
1199 1884 1392 1920 memoriae

200 1952 458 2001 prodiderunt.
504 1950 677 1987 Valerius
696 1960 846 1997 quoque
866 1949 1061 1985 Maximus
1079 1947 1144 1984 lib.
1164 1948 1222 1984 vii.
1253 1960 1333 1996 capt
1354 1955 1394 1985 5.

201 2017 374 2052 omnium
394 2013 601 2064 graviffirne
620 2012 766 2049 labitur.
824 2012 862 2048 P.
883 2011 1016 2059 inquit,
1030 2011 1151 2059 Scipio
1171 2011 1317 2054 Nafica,
1336 2017 1392 2047 to-

200 2087 295 2129 gatae
328 2079 507 2129 potentiae
537 2078 682 2114 clarum
712 2076 856 2119 lumen,
887 2076 916 2112 is
943 2076 1007 2124 qui
1035 2074 1164 2111 consul
1193 2075 1391 2124 Jugurthae

199 2144 344 2180 bellum
363 2142 511 2186 indixit,
532 2143 596 2190 qui
616 2148 777 2179 matrem
798 2140 938 2177 Idaeam
953 2151 975 2175 e
995 2138 1162 2188 Phrygiis
1181 2137 1329 2175 sedibus
1347 2139 1392 2177 ad

199 2207 338 2244 nostras
373 2219 451 2244 aras
487 2205 663 2255 focosque
700 2205 927 2254 migrantem
959 2202 1184 2240 sanffiffimis
1222 2204 1393 2240 manibus

199 2272 363 2321 excepit,
395 2271 459 2320 qui
489 2270 626 2308 multas
656 2275 695 2307 et
723 2267 910 2319 pestiferas
939 2267 1136 2305 seditiones
1168 2267 1392 2305 auctoritatis

200 2337 275 2375 suae
295 2336 428 2373 robore
456 2334 642 2385 oppreffit.
700 2334 799 2370 Ecce
818 2332 920 2381 quod
938 2333 1052 2369 trium
1070 2338 1164 2376 erat,
1183 2331 1248 2368 uni
1270 2331 1391 2369 omni-
