1572 2616
201 131 282 178 172
536 144 539 148 ¹
613 138 952 170 ROMANORUM

517 389 808 432 TULLIA
855 391 1062 434 GENS.

195 642 408 704 TULLII,
429 661 491 709 qui
513 661 716 698 Cicerones
745 660 932 705 dicuntur,
954 661 1161 711 municipes
1190 661 1390 711 Arpinates

195 727 296 773 sunt,
318 729 389 764 orti
410 741 430 764 a
448 728 563 765 Tullo
585 729 690 765 Attio
711 727 935 765 Volscorum
955 741 1054 778 rege.
1090 729 1297 768 Auciorem
1319 729 1389 766 hu-

187 791 251 842 jus
281 794 334 829 rei
366 792 486 829 habeo
510 796 569 842 (ut
599 792 773 829 omittam
803 792 1044 829 Plutarchum
1073 799 1112 830 et
1141 793 1383 842 Eutropium)

193 857 326 894 Silium
344 857 535 900 Italicum,
555 856 619 904 qui
639 855 733 892 libro
754 856 882 893 octavo
902 857 1130 893 Punicorum
1151 857 1199 892 sic
1218 857 1356 898 scribit,

321 930 448 961 Tullius
463 937 573 960 aeratas
590 930 733 969 raptabat
750 931 782 959 in
799 931 929 970 agmina
944 937 1079 967 turmas,

323 985 421 1024 Regia
439 985 616 1024 progenies,
635 991 666 1014 et
687 984 785 1013 Tullo
802 984 926 1023 sanguis
944 984 983 1013 ab
999 984 1076 1014 alto.

191 1049 276 1099 Ipse
295 1062 446 1098 quoque
467 1049 601 1085 Cicero
620 1048 769 1097 stirpem
789 1047 895 1085 suam
913 1048 1201 1097 antiquiffimam
1228 1049 1322 1086 libro
1341 1049 1388 1086 de

192 1115 357 1163 Legibus
386 1113 550 1150 secundo
579 1113 768 1162 praedicat.
825 1113 919 1149 Sunt
948 1119 1074 1149 tamen
1094 1114 1156 1161 qui
1176 1125 1197 1149 a
1215 1113 1330 1158 tullis,
1352 1113 1390 1150 id

193 1178 259 1221 est,
280 1190 385 1226 aquae
406 1177 593 1220 duffibus,
614 1176 761 1212 Tullios
790 1176 976 1212 deducere
1004 1176 1175 1212 malunt:
1206 1188 1226 1212 a
1255 1177 1389 1225 quibus

191 1248 235 1280 ut
264 1240 487 1285 diffentiam,
519 1253 609 1276 cum
640 1240 792 1276 illorum
823 1252 916 1288 quos
946 1240 1020 1276 dixi
1054 1239 1147 1276 facit
1179 1240 1388 1285 auctoritas,

191 1311 276 1343 tum
295 1318 385 1342 vero
404 1305 504 1354 quod
523 1306 561 1341 in
581 1304 882 1353 cognominibus,
905 1303 1175 1340 vocabulorum
1203 1302 1388 1352 ejusmodi

191 1371 439 1407 derivationes
457 1370 583 1405 locum
599 1369 753 1417 quidem
774 1368 911 1404 habere
931 1368 1094 1416 aliquem
1114 1366 1215 1416 posse
1236 1369 1386 1405 videan-

191 1441 267 1479 tur,
288 1434 327 1470 in
347 1434 561 1470 nominibus
577 1438 678 1468 certe
697 1433 865 1480 gentium
883 1443 957 1467 non
978 1432 1081 1467 item.
1139 1432 1268 1480 Atque
1288 1432 1389 1469 haud

189 1499 263 1536 scic
281 1510 328 1534 an
345 1497 519 1539 Tullum,
541 1496 640 1545 quod
663 1495 924 1532 Volcatiorum
954 1506 1167 1543 cognomen
1187 1495 1251 1537 est,
1274 1508 1387 1544 quam

189 1562 375 1603 Tullium,
395 1561 495 1610 quod
524 1561 644 1609 gentis
663 1560 715 1596 est
732 1572 888 1604 nomen,
907 1572 928 1595 a
946 1559 1045 1595 tuliis
1064 1560 1197 1595 reffius
1226 1559 1386 1596 deduca-

192 1640 290 1669 muS,
309 1625 626 1662 accommodatius
643 1623 729 1660 sane
749 1624 794 1660 ad
814 1622 952 1659 horum
969 1624 1167 1659 nominum
1190 1625 1386 1661 rationem.

192 1691 317 1729 Unica
336 1701 425 1726 vero
444 1687 555 1737 hujus
573 1688 711 1725 Tulliae
735 1688 857 1736 gentis
883 1686 1024 1723 familia
1052 1687 1320 1735 magistratibus
1349 1693 1387 1724 et

191 1755 395 1792 honoribus
425 1752 565 1796 floruit,
593 1764 635 1788 ea
661 1764 745 1800 quae
766 1752 994 1788 Ciceronum
1015 1762 1227 1799 cognomen
1247 1751 1345 1795 tulit,
1366 1764 1388 1787 a

190 1820 372 1857 ciceribus
391 1816 566 1860 serendis,
587 1823 630 1853 ut
650 1817 699 1852 ait
716 1816 848 1853 Varro.
880 1815 978 1851 Illud
995 1816 1097 1851 enim
1118 1816 1219 1863 quod
1237 1816 1283 1851 de
1303 1828 1388 1852 ver·

190 1896 294 1927 ruca,
316 1894 428 1931 quam
450 1882 613 1917 cicerem
631 1881 751 1916 Latini
773 1885 922 1923 vocant,
942 1878 1160 1915 Plutarchus
1182 1886 1318 1923 narrat,
1340 1893 1386 1917 eo

190 1948 285 1985 mihi
312 1947 436 1982 minus
465 1944 659 1981 verisimile
689 1943 747 1987 fit,
777 1943 878 1992 quod
906 1949 1052 1991 patrem
1077 1948 1115 1978 et
1143 1955 1254 1979 avum
1275 1943 1386 1980 suum

192 2012 327 2049 Cicero
347 2008 482 2044 eodem
501 2008 611 2057 plane
628 2007 712 2044 usos
728 2006 800 2043 effe
819 2006 1044 2055 cognomine
1061 2006 1108 2041 de
1130 2007 1292 2054 Legibus
1311 2014 1385 2043 ter-

191 2075 256 2117 tio,
277 2079 315 2109 et
333 2071 497 2108 seeundo
512 2072 558 2107 de
575 2072 749 2115 Oratore,
770 2070 853 2106 satis
873 2069 1033 2106 dilucide
1053 2069 1231 2107 ostendat.
1265 2071 1322 2107 Ac
1336 2083 1385 2107 ex

190 2139 247 2176 his
266 2136 419 2185 quidem
437 2136 578 2184 primus
598 2135 657 2171 M.
675 2135 808 2172 Cicero
827 2140 950 2170 orator
965 2133 1124 2169 honores
1145 2133 1197 2169 est
1215 2134 1384 2184 adeptus.

191 2202 299 2241 Nam
317 2200 364 2235 de
383 2211 452 2235 avo
472 2199 519 2235 fic
538 2199 632 2235 libro
655 2199 702 2235 de
718 2198 879 2247 Legibus
902 2198 1011 2234 tertio
1031 2195 1206 2244 loquitur,
1226 2198 1276 2234 Et
1294 2210 1384 2234 avus

188 2265 312 2302 noster
331 2262 502 2313 singulari
517 2263 654 2300 virtute
671 2263 709 2298 in
729 2261 801 2298 hoc
820 2261 1037 2309 municipio,
1052 2260 1178 2310 ‚quoad
1196 2261 1302 2305 vixit,
1324 2272 1384 2297 re-

190 2329 278 2369 stitit
304 2328 363 2366 M.
385 2327 568 2375 Gratidio,
591 2324 698 2377 cujus
731 2326 770 2363 in
798 2325 1038 2364 matrimonio
1065 2325 1231 2363 sororem
1259 2324 1380 2363 aviam
