1572 2616
468 124 703 153 PLEBEIAE
740 124 956 153 GENTEs.

106 332 245 363 Nullum
262 333 483 372 magistratum
500 331 598 371 geffit.

1204 123 1298 165 -151

108 290 154 320 M.
172 289 392 320 CLAUDIUS
417 289 463 318 M.
491 289 524 319 F.
550 289 600 318 Μ.
619 288 663 319 Ν.
680 252 1035 319 ΜΑΗΟΕΙᾸῌὈΞἿΛΞ.
1081 288 1302 318 CLAUDIUS

583 423 667 450 ...A-q

106 460 155 491 Μ.
180 460 401 491 CLAUDIUS
427 460 475 490 M.
502 460 535 490 F.
558 460 605 489 M.
653 460 689 490 C.
733 460 956 491 CLAUDIUS

110 513 146 533 N.
193 512 420 534 MARCELLUS.
487 502 606 533 Consul

106 556 184 576 cum
224 547 289 576 Ser.
320 545 479 584 Sulpicio,
521 555 608 576 anno

110 597 181 626 702.
207 589 419 619 Castiodorus.
443 589 554 619 Cicero
568 589 607 618 ad

104 633 252 662 Atticum
266 633 331 662 viii.
350 631 468 661 Caelius
483 633 544 661 viii.
564 632 604 661 E-

104 676 175 714 pist.
193 675 255 705 Dio
267 675 320 704 lib.
334 674 378 704 xl.
398 674 467 704 Post
480 674 603 705 bellum

103 718 355 757 Pompeianum,
414 717 604 758 deprecante

103 761 228 797 senatu,
245 770 263 790 a
279 760 399 790 Caesare
417 760 448 789 in
466 762 602 799 gratiam

106 811 265 842 receptus,
293 811 469 841 antequam
496 805 527 833 in
552 813 605 833 ur·

104 846 181 876 bem
199 846 345 881 rediisset,
358 847 494 875 Athenis
509 847 540 876 in
557 847 604 876 Pi-

104 898 168 919 raeo
193 899 212 918 a
239 889 272 919 Ρ.
301 889 452 926 Magione
480 890 604 919 occisus

90 933 159 962 cst.
204 932 316 961 Cicero
348 941 405 970 pro
437 932 603 962 Marcello.

103 974 171 1004 Ser.
186 974 348 1013 Sulpicius
366 974 421 1003 lib.
440 975 479 1005 iv.
510 975 606 1013 Epist.

103 1018 144 1047 ad
159 1017 360 1047 Ciceronem.
388 1016 532 1048 Valerius
549 1017 605 1049 lib.

104 1060 149 1090 ix.
165 1069 236 1099 cap.
258 1070 308 1090 11.
346 1103 359 1132 Ι

103 1144 152 1175 Μ.
172 1145 394 1175 CLAUDIUS
420 1145 468 1175 M.
494 1146 528 1175 F.
555 1146 603 1177 M.

105 1196 140 1217 N.
156 1197 379 1217 MARCELLus.
393 1188 511 1218 Consul
524 1198 602 1219 cum

104 1230 139 1260 L.
157 1231 324 1265 Arruntio,
338 1240 424 1259 anno
439 1239 512 1268 73¹-
529 1232 603 1261 Cas-

103 1272 258 1302 fiodorus.
281 1272 345 1302 Dio
361 1272 417 1302 lib.
435 1272 489 1302 liv.

104 1357 153 1388 M.
177 1356 396 1388 CLAUDIUS
420 1356 467 1386 M.
495 1357 529 1387 F.
553 1358 600 1388 M.

105 1410 140 1430 ιι.
158 1408 387 1429 MARCELLUS.
433 1399 602 1432 Ofilaviani

103 1452 144 1473 ex
162 1442 264 1472 sorore
281 1452 393 1480 nepos.
425 1442 541 1473 AEdilis
558 1443 602 1482 pl.

103 1486 138 1515 in
165 1486 347 1523 magistratu
375 1492 522 1516 mortuus
547 1487 603 1517 est.

104 1528 267 1559 Plutarch.
284 1528 316 1557 in
335 1528 502 1558 Marcello.
534 1529 604 1558 Ser.

105 1572 175 1603 vius
191 1571 231 1601 ad
247 1570 368 1610 Virgilii
384 1571 460 1602 AEn.
478 1572 519 1603 vi.

656 513 693 532 M.
711 513 737 533 r.
756 513 795 532 M.
812 514 833 533 N
864 513 939 533 MAR

654 555 799 577 entus,
836 546 954 577 Consul

652 598 728 618 cum
745 590 778 619 L.
792 590 955 627 Cornelio,

649 641 736 661 anno
770 639 840 671 704.
885 635 952 671 Ap-

648 677 764 714 pianus
776 676 830 705 lib.
840 676 953 706 secun-

648 718 700 747 do.
740 718 902 749 Plutarch.
921 720 952 748 in

649 761 802 799 Pompeio
826 769 856 791 et
882 762 952 792 Cae-

649 804 726 834 sare.
749 805 879 835 Diolib.
896 804 950 834 xli.

650 847 802 877 Meminit
882 849 930 878 M.

650 889 822 920 Marcellus
838 890 894 920 lib.
910 892 950 921 iv.

648 933 745 971 Epist.
762 934 801 963 ad
824 935 952 964 Cicero-

650 985 740 1007 nem.

1002 340 1042 360 Μ.
1058 341 1086 360 r.
1103 340 1142 361 M.
1156 341 1191 362 N.
1208 341 1302 361 MAR-

1001 383 1146 404 chLus.
1170 375 1219 404 De
1235 383 1301 413 quo

1000 417 1080 447 nihil
1099 418 1228 447 tradunt
1246 427 1302 447 au-

1001 460 1113 490 c'tores.
1143 503 1154 531 l

1001 545 1037 575 C.
1081 545 1302 576 CLAUDIUS

1001 598 1031 619 c.
1051 597 1079 619 Ρ.
1096 598 1135 618 Μ.
1156 599 1189 618 N.
1210 597 1304 618 MAR-

1000 640 1145 662 CELLUS.
1182 631 1300 661 Consul

999 683 1075 704 cum
1101 675 1134 704 L.
1152 674 1302 711 Aimilio‚

997 726 1084 746 anno
1098 724 1168 755 703.
1182 716 1302 746 Castio-

997 761 1102 789 dorus.
1177 760 1301 790 Huius

996 802 1050 832 lib.
1069 803 1134 832 viii.
1167 804 1229 832 Dio
1243 802 1299 834 lib.

996 847 1041 876 xl.
1058 846 1209 875 Meminit
1221 846 1300 876 Sue-

996 889 1103 920 tonius
1120 890 1153 919 in
1170 888 1302 919 Caesare.
