1572 2616
260 200 314 231 10
713 200 999 231 PRAEFATIO.

251 286 511 336 sepelirentur:
530 288 630 337 quod
649 301 780 326 eorum
797 290 929 339 posteri
943 288 1029 338 jure
1049 295 1263 328 tenuerunt.
1292 291 1439 330 Quam·-

251 352 383 389 obrem
411 353 475 401 qui
501 354 658 403 gentiles
685 353 784 398 sunt,
805 355 972 402 primum
992 353 1079 403 jura
1104 366 1146 390 ea
1166 367 1248 403 quae
1268 356 1436 404 gentium

248 417 422 453 omnium
440 418 670 461 eommunia,
692 418 826 453 deinde
845 431 927 466 quae
946 418 1093 466 propria
1121 417 1299 467 cujuloue
1315 421 1436 468 gentis

247 477 347 524 sunt,
367 481 601 529 participant,
623 487 661 517 et
680 481 777 517 inter
794 481 831 517 se
846 482 1138 517 communicant.
1195 483 1349 519 Familia
1367 495 1432 519 au-
1449 499 1460 540 s

247 549 327 578 tem
347 555 428 592 pars
447 545 567 593 gentis
587 546 662 582 est:
693 552 731 581 et
751 553 792 581 ut
819 557 866 581 ex
893 552 1004 594 gente
1034 546 1206 594 gentiles,
1241 546 1288 582 fic
1320 539 1432 583 fami-

243 604 365 651 liares,
386 608 535 645 auctore
556 609 671 648 Festo,
687 621 735 646 ex
751 610 891 645 familia
907 611 1071 658 primum
1093 610 1178 646 dieti
1199 609 1295 646 sunt.
1344 609 1430 646 Dif-

241 670 315 707 fert
341 671 453 720 igitur
481 685 502 708 a
524 681 636 721 gente
662 673 811 716 familia,
831 674 932 722 quod
950 675 1070 722 gentis
1095 681 1138 710 ut
1170 675 1316 723 generis
1343 675 1427 711 uni-

240 735 332 771 verfi
352 748 433 784 pars
451 737 502 773 est
518 737 670 774 familia..
728 738 830 774 Gens
858 738 962 773 enim
990 738 1127 774 multas
1155 737 1310 774 familias
1328 738 1367 774 in
1387 737 1427 774 se

239 800 424 837 continet:
464 801 616 837 familiae
636 814 724 838 vero
745 802 971 850 cognomine
994 801 1290 850 distinguuntur:
1322 802 1423 838 unde

235 863 377 900 diversa
405 866 626 914 cognomina
655 866 812 902 diversas
836 865 993 902 familias
1020 865 1260 901 constituunt.
1315 865 1421 902 Nam

235 926 273 962 in
301 928 402 964 Julia
429 936 556 978 gente,
577 929 637 965 alii
665 930 757 966 Julii
776 930 874 973 sunt,
895 930 957 965 alii
978 928 1154 965 Caesares.
1211 928 1309 964 Duae
1329 940 1419 977 ergo

229 991 342 1028 Juliae
370 994 489 1041 gentis
516 993 667 1030 familiae
696 993 802 1030 sunt:
834 1006 909 1029 una
935 993 1138 1036 Juliorum,
1160 992 1276 1028 altera
1294 991 1418 1029 Caesa-

228 1066 328 1092 rum.
373 1057 431 1092 Sic
460 1058 497 1092 in
527 1057 649 1101 Fabia,
669 1058 861 1101 Vibulani,
882 1056 1072 1100 Ambusti,
1094 1056 1269 1098 Maximi,
1297 1056 1416 1093 pieto-

223 1130 307 1156 res:
341 1121 378 1156 in
408 1121 530 1165 Furia,
560 1122 669 1165 Fufii,
701 1121 918 1165 Medullini,
948 1120 1119 1157 Camilli:
1152 1119 1189 1154 in
1221 1119 1411 1164 Quinffla,

225 1182 438 1231 Capitolini,
468 1184 632 1228 Barbati,
654 1184 880 1227 Cincinnati,
899 1183 1092 1220 Flaminii:
1125 1182 1332 1230 eademque
1351 1194 1409 1218 ra·

221 1246 274 1281 tio
293 1247 344 1282 est
364 1248 401 1283 in
418 1247 580 1296 reliquis.
636 1247 848 1284 Confirmat
875 1246 971 1282 hanc
992 1247 1151 1282 nostram
1171 1245 1403 1294 opinionem,

219 1321 310 1346 cum
337 1310 558 1355 multorum,
587 1318 670 1348 tum
703 1311 766 1347 illa
795 1312 889 1347 Livii
918 1310 1125 1353 auetoritas,
1147 1322 1232 1358 quae
1259 1310 1311 1346 est
1337 1310 1403 1347 lib.

220 1385 402 1412 xxxvxn.
419 1375 483 1411 ubi
501 1376 566 1419 ait,
590 1376 626 1411 P.
653 1376 774 1423 Scipio
795 1374 928 1411 Nafica
947 1374 1155 1410 orationem
1173 1373 1303 1410 habuit
1322 1373 1403 1422 ple-

212 1449 300 1474 nam
329 1440 423 1475 veris
443 1439 649 1482 decon'bus,
669 1451 746 1474 non
773 1438 1026 1474 communiter
1051 1437 1237 1474 Corneliae
1264 1438 1400 1486 gentis,

210 1501 272 1537 sed
293 1503 453 1551 propriae
473 1503 626 1539 familiae
646 1502 744 1539 suae:
775 1502 875 1539 unde
902 1503 1015 1537 etiam
1034 1501 1173 1537 constat
1192 1514 1330 1538 nomen
1350 1502 1396 1539 ad

208 1572 383 1612 gentem,
404 1578 615 1615 cognomen
629 1567 676 1602 ad
694 1566 875 1602 familiam
893 1565 1035 1601 referri.
1064 1566 1192 1612 Atque
1210 1565 1293 1601 haec
1310 1566 1396 1614 qui-

206 1628 294 1664 dem
329 1629 373 1664 ad
396 1628 691 1676 jurisconsultos,
731 1630 932 1670 Romanos,
959 1629 1125 1676 inquam,
1151 1626 1393 1675 jurisconsul-

203 1698 259 1726 tos
287 1691 482 1740 disputatio
506 1694 682 1741 pertinet,
701 1693 766 1741 qui
795 1691 1001 1728 discernere
1029 1691 1209 1727 familiam
1227 1704 1248 1727 a
1265 1698 1391 1740 gente,

201 1765 321 1802 quum
342 1756 388 1791 de
417 1755 692 1793 haereditatibus
710 1763 749 1793 et
775 1756 900 1792 tutelis
927 1756 1061 1804 agitur,
1083 1755 1234 1792 debent.
1289 1756 1387 1791 Prae-

198 1818 295 1854 clare
322 1821 422 1855 enim
447 1820 545 1868 apud
573 1820 799 1857 Ciceronem
828 1818 984 1862 Craffus,
1004 1831 1123 1867 quum
1146 1818 1240 1868 juris
1266 1819 1386 1856 civilis

196 1881 387 1918 scientiam
408 1884 542 1919 oratori
560 1883 798 1920 necessariam
818 1884 974 1932 probare
994 1883 1086 1926 vult,
1107 1883 1226 1926 Quid,
1247 1883 1382 1930 inquit,

195 1956 268 1992 qua
287 1945 333 1980 de
351 1957 391 1981 re
412 1946 508 1982 inter
523 1947 724 1984 Marcellos
745 1954 783 1984 et
801 1948 976 1984 Claudios
996 1946 1219 1982 centumviri
1234 1944 1380 1994 judica-

193 2009 308 2044 runt?
338 2021 457 2056 quum
484 2010 660 2047 Blarcelli
690 2013 735 2047 ab
760 2011 882 2047 liberti
900 2011 979 2046 filio
998 2011 1107 2058 stirpe
1135 2009 1284 2046 Claudii
1313 2011 1380 2046 Pa-

191 2070 286 2106 tricii
306 2071 475 2119 ejusdem
504 2075 664 2110 nominis
683 2075 942 2110 haereditatem
969 2080 1082 2122 gente
1109 2073 1154 2108 ad
1182 2072 1219 2108 se
1247 2073 1377 2110 rediffe

188 2134 368 2179 dicerent,
388 2148 513 2173 nonne
534 2138 571 2173 in
591 2151 633 2174 ea
651 2139 760 2175 causa
777 2140 846 2176 fuit
867 2140 1072 2175 oratoribus
1091 2139 1137 2175 de
1160 2146 1237 2175 toto
1256 2139 1374 2189 stirpis

187 2204 226 2233 et
252 2199 468 2246 gentilitatis
492 2199 579 2249 jure
598 2202 826 2238 dicendum?
869 2203 960 2239 Satis
979 2215 1092 2246 nunc,
1114 2203 1259 2251 opinor,
1282 2215 1372 2239 con-

185 2259 252 2297 stat
280 2263 451 2309 gentium
481 2265 736 2301 Romanarum
764 2267 880 2315 origo,
899 2273 936 2301 et
961 2266 1173 2315 progressiO,
1208 2273 1247 2303 et
1280 2268 1370 2316 quid

182 2335 273 2372 gens
294 2324 347 2367 fit,
367 2327 504 2373 quidve
526 2328 665 2365 familia
683 2344 690 2366 :
722 2329 883 2378 superest
911 2338 953 2366 ut
980 2331 1026 2366 de
1050 2331 1209 2379 patriciis
1231 2339 1268 2368 et
1287 2332 1368 2380 ple—

181 2388 272 2424 beiis
290 2388 438 2427 familiis
468 2404 632 2441 agamus,
689 2393 877 2431 Romulus
911 2398 970 2446 (ut
1004 2394 1198 2444 Dionysius
1217 2403 1257 2433 et
1283 2397 1366 2434 Plu-
