1572 2616
469 144 845 175 HISTORIARUM
883 145 1088 174 LIBROS.
1295 146 1374 191 135

225 236 307 267 aegre
324 227 352 257 se
368 226 564 257 reconciliari
583 225 702 265 patitur
717 234 795 256 curri
818 225 948 269 Nerone
964 225 1100 265 collega,
1118 232 1169 266 35.
1194 225 1247 256 irae
1263 225 1379 266 plenus

225 272 333 302 adhuc
349 271 382 300 in
398 270 495 307 cives,
513 269 723 309 proficiscitur
738 270 776 299 ad
795 269 930 306 bellurn,
946 278 1000 309 40.
1025 271 1148 308 egregia
1164 269 1232 306 ejus
1248 271 1380 301 victoria

226 314 265 344 de
282 313 466 350 Asdrubale,
481 315 624 353 46—49.
648 313 840 352 triumphat,
859 314 912 347 28,
930 324 960 352 9.
984 313 1117 343 dietator
1129 321 1265 351 creatur,
1284 323 1332 345 ιο.
1349 315 1379 345 ei

225 356 259 387 in
276 367 401 387 annum
418 365 623 396 prorogatum
639 357 827 396 imperium,
843 356 916 386 ibid.

268 400 435 431 Volonum
451 410 630 430 exercitum
646 402 679 430 in
697 400 836 430 Galliam
854 410 893 430 ex
911 400 1034 430 Etruria
1056 399 1207 437 traducit,
1226 409 1279 438 29,
1297 407 1328 440 5.
1352 402 1381 432 ei

225 451 413 484 prorogatur
428 445 611 483 imperium,
632 453 681 482 13.
705 452 828 473 creatur
851 444 974 480 censor,
998 451 1050 481 37.
1073 443 1259 474 Salinatoris
1283 453 1383 483 quare

228 496 411 527 cognomen
435 489 600 521 invenerit,
621 487 693 518 ibid.
716 497 852 526 pravum
876 497 944 525 ejus
967 494 1129 517 certamen
1155 496 1233 516 curn
1259 488 1384 527 collega

225 529 369 568 Nerone,
387 531 459 561 ibid.
483 538 596 570 praeter
613 531 732 561 tribum
749 531 916 567 Maeciam,
932 530 1091 570 populum
1108 530 1297 560 Romanum
1309 541 1383 561 om-

225 583 317 611 nem,
342 582 479 614 quatuor
501 582 532 605 et
557 575 686 614 triginta
710 574 824 613 tribus,
847 584 975 605 aerarios
1001 574 1163 614 relinquit,
1183 573 1254 605 ibid.
1270 575 1337 605 vid.
1354 582 1384 605 et

227 619 280 656 36,
299 619 351 656 36-
375 627 428 657 39,
447 627 477 657 3·

184 659 233 691 M.
249 661 358 691 Livius
381 662 562 691 Tarentum
587 667 704 698 tuetur,
723 671 776 700 24,
796 672 847 693 20.
872 661 949 691 urbe
972 668 1066 701 capta
1090 660 1129 690 ab
1154 661 1330 698 Annibale,
1348 662 1383 692 in

227 713 334 734 arcem
359 706 518 743 confugit,
545 714 598 744 25,
620 714 668 735 10.
692 715 799 735 arcem
823 705 975 738 defendit,
996 715 1043 735 11.
1069 711 1101 734 et
1125 705 1179 742 26,
1204 714 1256 745 39.
1280 706 1319 736 de
1343 715 1382 736 eo

227 754 391 777 certamen
409 749 440 777 iii
458 751 581 784 senatu,
600 755 653 784 27,
672 755 722 787 25.

185 790 232 821 M.
253 790 360 820 Livius
389 792 520 828 Denter,
545 793 669 828 conlui,
696 801 747 828 10,
773 801 798 821 1.
824 801 862 821 eo
887 790 1030 827 consule,
1054 791 1234 829 AEquicum
1258 791 1384 822 bellum

228 835 492 873 redintegratum,
518 834 590 864 ibid.
615 843 740 864 creatur
763 835 907 874 pontifex
935 837 1015 864 iiiter
1041 836 1160 874 primos
1185 845 1202 864 e
1227 834 1334 875 plebe,
1351 845 1384 874 9.

230 885 319 916 praeit
336 879 431 908 verba
447 878 625 908 devotionis
646 878 680 908 P.
698 879 814 914 Decio,
833 879 884 909 28.
908 885 1094 918 propraetor,
1113 888 1164 918 29.

186 919 235 951 M.
253 921 359 950 Livius
374 921 495 951 Drusus
519 931 583 951 cos.
608 921 753 951 adversus
779 921 958 952 Scordiscos
980 929 1116 961 pugnat,
1133 922 1217 962 Epit.
1234 923 1286 961 63.
1311 921 1385 954 trib.

229 964 272 1004 pl.
291 965 377 994 domi
396 965 459 994 suae
476 965 645 1000 occiditur,
663 965 747 1004 Epit.
765 973 817 1003 71.

186 1006 236 1037 M.
256 1008 362 1038 Livius
378 1008 539 1046 Maenas,
557 1017 611 1046 27,
626 1017 677 1047 34.

183 1050 225 1081 T.
244 1051 372 1080 Livium
392 1061 465 1090 quae
481 1051 596 1081 eaufl'ae
621 1052 659 1080 ad
684 1059 730 1080 res
754 1050 864 1090 populi
887 1050 1026 1081 Romani
1045 1050 1224 1082 scribendas
1249 1050 1387 1091 impule-

229 1095 305 1131 rint,
325 1094 421 1134 Praef.
439 1094 491 1125 lib.
513 1104 539 1124 ι.
563 1104 628 1134 quo
654 1101 797 1134 ternpore
823 1096 950 1132 vixerit,
975 1105 1009 1135 4,
1035 1104 1087 1125 20.
1112 1096 1166 1133 28,
1186 1105 1236 1126 12.
1261 1105 1318 1125 cur
1342 1096 1388 1125 se-

229 1144 346 1176 quatur
364 1138 547 1178 Polybium,
565 1147 618 1176 33,
640 1147 690 1169 10.

187 1180 272 1211 Loca
285 1188 315 1210 et
327 1181 426 1211 lautia
439 1182 547 1220 legatis
559 1182 697 1217 decreta,
714 1181 766 1217 28,
781 1190 832 1221 39.
851 1190 903 1219 30,
921 1188 970 1218 17.
990 1190 1042 1219 33,
1057 1191 1108 1221 24.
1127 1188 1181 1221 35,
1197 1190 1249 1219 23.
1265 1191 1318 1221 42,
1335 1183 1389 1213 26.

155 1246 158 1247 γ
188 1224 347 1254 Locorum
364 1224 474 1254 divisio
491 1235 522 1254 in
537 1224 735 1263 speclaculis.
759 1234 785 1260 i,
804 1234 856 1264 35.
880 1234 933 1263 34,
953 1233 1004 1264 54.

190 1268 280 1298 Locis
297 1267 461 1298 sanctitate
477 1268 651 1308 infignibus
668 1269 767 1298 etiam
783 1268 899 1298 adficla
913 1267 1081 1306 miracula,
1101 1277 1154 1307 24,
1168 1277 1198 1307 3.

189 1311 371 1348 Locrenses,
390 1321 509 1359 23,3o.
537 1320 626 1349 29,9
633 1334 639 1341 .

191 1354 372 1390 Locrenses,
391 1356 421 1383 iii
441 1355 566 1385 Graecia
583 1354 713 1384 restituti
732 1353 861 1390 AEtolis,
880 1363 934 1393 33,
952 1363 1004 1392 34.

192 1398 295 1434 Locri,
312 1398 397 1437 apud
422 1407 475 1427 eos
499 1399 625 1434 sanum,
651 1398 683 1427 in
708 1408 773 1437 quo
800 1398 935 1427 thesauri
961 1397 1166 1436 Proserpinae,
1185 1406 1265 1436 quos
1282 1397 1389 1437 diripit

234 1441 384 1479 Pyrrhus,
403 1450 455 1481 29,
479 1442 527 1471 18.
550 1441 706 1470 deficiunt
731 1441 799 1479 post
826 1440 1027 1470 Canneniem
1045 1440 1171 1470 cladem
1195 1442 1233 1470 ad
1259 1441 1387 1477 Poenos,

235 1493 289 1522 22,
306 1484 358 1514 61.
383 1484 448 1514 vid.
467 1491 494 1513 et
512 1493 564 1522 23,
584 1493 634 1522 30.
653 1490 680 1513 et
695 1494 747 1523 24,
768 1493 795 1514 1.
819 1491 1047 1523 oppugnantur
1061 1493 1077 1512 a
1091 1484 1248 1522 Crispino,
1268 1493 1321 1521 27,
1338 1492 1390 1524 25.

233 1528 430 1566 recipiuntur
457 1537 474 1557 a
501 1528 664 1567 Scipione,
684 1537 736 1567 29,
758 1527 787 1557 6.
812 1535 843 1556 et
867 1537 895 1564 7.
919 1528 973 1566 qui
999 1527 1035 1556 iis
1058 1526 1254 1556 Pleminium
1280 1528 1391 1567 praefe-

233 1571 321 1600 Etum
341 1573 491 1610 imponit,
510 1572 539 1601 8.
566 1571 598 1600 in
615 1580 668 1601 eos
690 1572 884 1610 impotenter
908 1571 994 1600 saevit
1016 1569 1206 1607 Pleminius,
1224 1570 1295 1600 ibid.
1313 1577 1340 1599 et
1358 1581 1390 1611 9.

234 1624 346 1644 eorum
363 1616 499 1653 querelae
517 1624 570 1654 per
586 1614 706 1654 legatos
722 1613 836 1643 delatae
856 1613 895 1643 ad
920 1614 1080 1650 senatum,
1102 1615 1150 1643 16.
1173 1622 1221 1651 17.
1235 1621 1266 1644 et
1287 1615 1336 1644 18.
1354 1614 1392 1645 li-

233 1657 338 1688 bertas
356 1658 391 1688 iis
408 1658 552 1698 legesque
568 1661 629 1688 iuae
646 1658 851 1687 restituuntur
866 1667 884 1687 a
901 1658 1022 1694 senatu,
1041 1667 1092 1688 21.
1109 1657 1175 1687 vid.
1192 1665 1219 1686 ct
1236 1667 1289 1697 31,
1312 1667 1362 1689 12.

190 1700 298 1731 Locris
315 1703 345 1731 in
363 1702 500 1737 Graecia,
519 1703 570 1737 26,
592 1701 641 1732 26.
670 1702 722 1737 28,
741 1702 772 1730 6.

191 1744 399 1775 Locustarum
417 1747 462 1775 vis
479 1754 604 1784 mgms,
621 1745 664 1774 ita
686 1751 730 1777 ut,
749 1744 834 1774 unde
856 1743 1066 1781 adveniffent,
1083 1753 1197 1783 parum
1221 1745 1391 1782 constaret,

235 1788 320 1818 circa
345 1788 491 1828 Capuam
517 1797 651 1818 omnem
677 1797 790 1827 agrum
815 1787 1002 1826 compleuit,
1027 1797 1079 1825 30,
1104 1798 1133 1817 2.
1159 1786 1225 1817 vid.
1243 1794 1270 1816 et
1285 1797 1340 1826 42,
1361 1798 1391 1819 2.

236 1840 348 1861 earum
367 1840 462 1861 tantae
478 1831 578 1861 nubes
592 1841 609 1860 a
629 1832 707 1860 mari
722 1838 816 1860 vento
834 1832 865 1860 in
884 1830 1038 1869 Apuliam
1055 1830 1164 1867 illatae,
1182 1838 1214 1860 ur
1231 1832 1394 1861 examini-

237 1874 296 1903 bus
313 1874 374 1903 iuis
391 1875 451 1904 late
468 1884 558 1914 agros
573 1876 741 1914 operirent.
766 1885 821 1912 42,
844 1883 891 1903 10.

191 1916 355 1955 Longarus
371 1918 494 1947 bellum
511 1927 588 1948 cum
606 1918 783 1954 Demetrio,
803 1917 940 1957 Philippi
965 1917 1168 1947 Macedoniae
1189 1917 1268 1956 regis
1286 1923 1387 1957 patre,

237 1961 338 2000 gessit,
356 1971 408 1999 31,
426 1964 479 1992 28.

194 2004 353 2041 Longula,
371 2005 542 2044 oppidum,
562 2015 589 2038 2,
606 2013 657 2043 33.
682 2013 700 2034 a
717 2003 886 2034 Coriolano
903 2003 1058 2034 Romanis
1075 2003 1240 2042 adimitur,
1258 2013 1310 2043 39.
1324 2003 1391 2035 vid.

240 2055 267 2077 (ἶ
285 2062 316 2088 9,
337 2057 388 2086 39·

196 2089 411 2130 Longuntica,
430 2101 483 2127 22,
502 2100 553 2122 20.

196 2132 276 2164 Lora
293 2134 324 2164 in
342 2138 434 2165 ulum
451 2135 514 2164 cibi
531 2133 629 2170 versa,
646 2143 699 2172 23,
722 2143 770 2173 ¹9-

198 2176 364 2213 Loracina,
378 2178 506 2215 iluviuS,
522 2187 573 2216 43,
589 2180 618 2208 6.

198 2219 333 2250 Loricai'i
349 2222 482 2260 equites,
501 2230 552 2261 35,
568 2222 622 2260 48.
648 2229 700 2260 37,
717 2230 770 2260 40.

200 2262 349 2302 Loryma,
374 2273 495 2302 portus,
515 2273 568 2303 37,
589 2273 636 2302 i7.
663 2264 772 2303 viginti
791 2262 899 2303 paullo
921 2262 1060 2303 amplius
1085 2262 1187 2293 millia
1213 2263 1253 2294 ab
1277 2263 1394 2294 Rhodo

242 2307 339 2342 abest,
360 2316 413 2347 45,
435 2317 482 2338 ic.

200 2349 267 2379 Lua
286 2349 400 2386 Mater,
418 2351 449 2387 8,
471 2361 496 2380 i.
521 2351 547 2380 ei
565 2359 653 2380 arma
667 2350 822 2380 caesorum
838 2349 1026 2381 Volscorum
1041 2350 1114 2381 data
1131 2360 1150 2381 a
1163 2349 1305 2389 consule,
1322 2350 1396 2382 ibid.

245 2394 273 2424 ei
289 2395 394 2424 dicata
410 2393 507 2434 lpolia
523 2394 675 2432 hostium,
692 2403 746 2436 45,
765 2402 815 2434 33.
