1572 2616
545 175 832 205 PRAEFATIO.
1258 178 1286 219 9

98 275 299 302 Fumosus
321 275 407 308 Es‘r,
431 274 639 302 AGNATUM
663 275 995 301 Gssn'mmumaur:
1019 275 1064 300 m
1085 275 1137 301 130
1160 276 1289 302 Pecu-

98 340 262 366 ΝιΑαυε.
275 339 372 365 Esus
388 339 595 364 POTESTAS
610 339 725 364 Es‘rO.
747 327 846 364 Haec
860 325 1081 376 autemjura
1092 340 1176 377 quae
1184 339 1292 365 corn-

98 392 227 428 munia
244 390 318 428 effe
337 391 514 435 diximus,
528 397 567 428 et
583 391 686 440 fiqua
699 390 785 428 sunt
798 391 868 427 alia
887 392 925 427 in
938 389 1293 440 jurisconsultorum

98 453 218 498 libris,
242 454 410 491 Scaemla
427 454 556 504 capitis
575 454 825 492 diminutione
856 454 976 491 amitti
996 453 1133 492 scribit.
1190 454 1296 504 Ergo

99 529 224 567 neque
244 518 457 555 adolescens
475 518 552 562 ille,
574 531 689 567 quern
709 518 768 555 M.
787 518 926 555 Curius
945 517 1089 563 consul,
1109 530 1229 567 quum
1247 517 1296 555 ad

100 583 289 621 delectum
303 582 379 620 non
398 582 653 632 respondisset,
671 596 744 620 una
764 596 854 620 curn
864 584 970 621 bonis
988 583 1100 622 hastae
1112 583 1296 634 subjecit:

102 653 168 684 aut
186 646 211 683 fi
230 659 346 696 quem
374 655 479 697 pater
505 647 630 685 filium
658 648 864 697 populusve
893 648 1086 685 incensum
1110 647 1296 694 vendidit,

104 711 265 760 gentiles
293 710 390 749 sunt.
448 714 584 759 Neque
612 712 725 748 etiam
755 712 807 749 Q.
828 712 962 749 Fabius
981 719 1020 749 et
1039 713 1080 749 P.
1101 712 1301 750 Cornelius

105 773 311 817 Aimiliani,
328 787 491 823 quorum
521 775 614 812 alter
642 776 681 812 in
709 776 874 819 Fabiam,
891 776 986 812 alter
1013 777 1052 812 in
1080 776 1301 814 Corneliam

105 845 259 887 gentem
297 839 495 888 adoptione
530 839 681 885 tranfiit,
720 840 967 877 Aimiliorum
1008 839 1093 877 sunt
1126 841 1301 890 gentiles.

105 907 168 944 Illi
185 908 289 944 enim
308 909 486 953 maxima,
505 910 544 946 hi
563 910 685 946 media
713 910 842 959 capitis
863 910 1128 955 diminutione,
1150 917 1189 948 et
1206 923 1302 961 gen-

107 970 296 1014 tilitatem,
327 978 366 1008 et
393 970 479 1020 jura
512 974 699 1022 gentilicia
729 974 956 1012 amiserunt:
998 974 1067 1019 illi,
1089 975 1175 1024 quia
1207 974 1303 1012 servi

110 1034 211 1078 faeti,
245 1035 434 1072 civitatem
468 1036 673 1074 amiserunt
706 1044 744 1074 et
771 1039 1005 1076 libertatem:
1038 1039 1091 1083 hi,
1122 1040 1304 1088 quoniam

110 1098 324 1147 adoptione,
351 1098 443 1136 ficut
470 1100 556 1136 alias
597 1113 655 1137 res
684 1101 973 1139 innumerabiles
1006 1105 1065 1151 (ut
1093 1115 1162 1151 pro
1189 1103 1306 1141 domo

112 1162 248 1199 Cicero
268 1161 409 1208 scribit)
433 1163 481 1200 fic
509 1164 757 1208 haereditates,
777 1166 954 1210 nominis,
976 1167 1161 1214 pecuniae,
1183 1166 1306 1203 sacro·

112 1241 214 1273 rum,
234 1229 270 1265 in
289 1241 345 1273 ea,
367 1229 405 1265 in
433 1241 547 1278 quam
564 1231 727 1279 adoptati
754 1229 853 1275 sunt,
874 1230 1013 1267 familia
1040 1230 1308 1280 adipiscuntur.

112 1294 256 1331 Eadem
274 1294 596 1342 emancipatorum
616 1294 724 1331 causa
742 1295 806 1331 est.
864 1295 1035 1332 Gentiles
1054 1297 1156 1333 enirn
1177 1309 1310 1333 eman-

115 1359 257 1406 cipatos
289 1356 424 1393 liberos
456 1369 532 1393 non
565 1356 653 1401 effe,
675 1357 735 1393 vel
755 1357 844 1393 hinc
872 1364 1037 1406 apparet,
1058 1359 1160 1407 quod
1188 1371 1310 1408 quum

116 1421 273 1472 gentiles
303 1419 473 1456 intestato
499 1421 644 1469 patrifa.
665 1420 877 1465 succedant,
901 1422 1125 1470 emancipati
1147 1423 1191 1459 L.
1214 1423 1309 1461 XII.

118 1486 218 1524 tabb.
247 1496 371 1533 neque
398 1484 556 1521 tutelam
584 1485 804 1534 legitimam,
826 1497 949 1533 neque
970 1485 1225 1523 intestatorum
1244 1499 1312 1536 pa·

119 1559 220 1587 trum
240 1547 476 1585 haereditates
504 1549 715 1597 acquirunt.
765 1549 865 1586 Quae
885 1561 973 1585 vero
993 1550 1140 1598 propria
1161 1549 1234 1586 effe
1253 1550 1313 1587 di·

118 1615 244 1652 ximus
254 1611 354 1662 jura,
375 1623 419 1648 ea
446 1611 545 1649 sacra
573 1612 658 1649 sunt
685 1612 884 1662 gentilicia,
905 1625 989 1660 quae
1019 1612 1263 1650 anniversaria
1291 1627 1314 1651 a

121 1685 233 1728 gente
250 1683 353 1714 certo
385 1678 422 1713 in
455 1676 538 1714 loco
561 1676 707 1713 fierent.
759 1677 818 1712 Sic
837 1676 935 1712 sacra
955 1677 1148 1720 Herculis,
1170 1677 1315 1715 Potitiae

122 1749 162 1779 et
181 1743 334 1779 Pinariae
363 1743 484 1793 gentis
517 1740 603 1777 sunt
632 1740 793 1789 propria,
814 1741 972 1776 Veneris
1003 1740 1129 1783 Juliae,
1159 1741 1316 1779 Palladis

123 1807 293 1852 Nautiae,
315 1807 410 1844 Solis
430 1805 612 1847 Aureliae,
632 1805 729 1840 Ditis
749 1804 860 1852 patris
880 1803 1054 1840 Valcriae.
1112 1805 1172 1841 Sic
1189 1806 1315 1843 Livius

123 1871 219 1908 libro
241 1872 386 1920 quinto,
408 1870 560 1906 Fabiam
579 1874 734 1917 gentem
765 1869 802 1904 in
834 1867 929 1904 colle
961 1868 1145 1904 Quirinali
1167 1869 1316 1907 Gabino

126 1935 249 1973 cinetu
269 1935 368 1972 sacra
385 1933 510 1971 feciffe
531 1932 662 1968 statuta
679 1931 817 1968 scribit.
851 1931 955 1968 Hinc
974 1931 1207 1968 haereditates
1226 1945 1317 1971 cum

125 2000 235 2038 sacris
265 2007 304 2038 et
329 2000 405 2037 fine
436 2000 541 2037 sacris
562 1998 660 2048 apud
690 1998 862 2034 Plautum
890 2004 927 2034 et
946 1998 1190 2035 Ciceronem:
1216 2012 1315 2048 quae,

125 2071 168 2101 ut
186 2063 286 2101 sacra
298 2063 604 2100 conservarentur
618 2069 728 2110 atque
748 2062 899 2110 posteris
916 2061 1174 2109 proderentur,
1188 2062 1316 2097 inven-

128 2137 165 2165 ta
185 2127 326 2165 suntet
355 2127 570 2164 constituta:
603 2137 688 2174 quoe
717 2125 868 2173 quidem
897 2125 1023 2161 omnia
1049 2125 1227 2161 amittunt
1253 2125 1320 2173 qui

129 2194 249 2243 capite
276 2193 359 2229 sunt
387 2192 573 2228 diminuti.
633 2190 871 2226 Familiarum
901 2190 1014 2226 ctiam
1042 2190 1188 2238 propria
1217 2202 1323 2239 quae-

131 2257 219 2294 dam
236 2256 322 2292 sunt
335 2255 442 2304 jura:
473 2261 517 2292 ut
547 2253 638 2290 illud
665 2254 766 2302 quod
796 2254 842 2290 de
873 2253 1067 2301 Poplicolis
1087 2260 1125 2288 et
1142 2253 1320 2291 Tubertis

131 2320 267 2357 Cicero
294 2319 340 2355 de
368 2319 530 2369 Legibus
558 2317 732 2361 secundo,
754 2324 793 2353 ct
821 2318 856 2353 in
887 2316 1075 2365 Poplicola
1103 2315 1321 2354 Plutarchus

133 2383 311 2422 tradunt:
343 2384 477 2432 quibus
504 2382 646 2420 virtutis
674 2381 780 2419 causa
809 2382 992 2419 tributum
1022 2380 1088 2425 est,
1108 2382 1207 2418 utin
1227 2382 1319 2418 urbe
