1572 2616
229 131 309 164 12'0
581 133 746 162 INDEX
781 134 835 162 IN
870 134 915 161 Τ.
941 134 1075 162 L1V11

223 213 347 252 Jupiter
371 212 538 248 Feretrius,
560 222 589 249 1,
609 222 659 243 ιο.
676 214 704 243 ei
729 214 890 252 templum
914 214 1039 243 dedicat
1063 212 1237 252 Romulus,
1253 219 1284 245 et
1305 214 1418 255 opima

270 256 367 295 spolia
390 255 459 291 fert,
477 255 548 285 ibid.
573 257 657 286 aedes
681 256 750 294 ejus
772 258 814 287 ab
837 258 932 286 Anco
956 257 1168 296 amplificata,
1189 267 1219 296 1,
1237 267 1289 297 33.
1306 258 1419 288 refefila

270 300 310 328 ab
330 300 483 337 Augusto,
500 309 533 338 4,
553 309 604 329 20.

229 357 271 364 —
289 342 478 381 lmperator,
497 343 528 377 6,
549 351 598 379 29.

231 400 275 407 —
286 385 426 423 Indiges,
447 395 457 414 1
468 408 475 420 ,
494 396 522 415 2.
540 386 582 414 sie
597 385 699 415 dietus
716 385 849 421 AEneas,
863 385 934 415 ibid.

227 444 271 450 —
289 429 431 463 Latiaris,
459 438 510 464 21,
531 430 583 466 63.
606 429 634 458 ei
658 429 796 465 donum,
821 429 945 458 fulmen
969 437 1104 459 aureum
1128 429 1236 469 pondo
1259 429 1418 469 quinqua-

272 472 372 510 ginta,
392 472 526 506 fabium,
547 481 600 505 22,
621 481 648 501 1.

227 529 271 535 --
286 514 473 553 Olympius,
495 524 547 551 24,
569 524 618 544 21.
635 513 704 551 ejus
721 513 883 553 ternplum
899 514 1049 551 Athenis,
1066 524 1122 554 41,
1142 520 1194 554 25.

226 572 271 578 —-
287 558 439 596 Optimus
458 557 636 592 Maximus,
651 567 684 595 4,
706 567 733 586 2.

227 615 271 621 —
287 600 403 635 Stator,
423 609 450 633 1,
472 609 518 630 12.
536 607 566 630 et
583 610 635 640 41.
654 601 680 629 ei
699 599 860 639 templum
879 601 910 630 in
929 609 1037 640 pugna
1054 610 1130 630 cum
1148 599 1348 631 Samnitibus
1363 609 1417 630 vo-

271 650 324 672 vet
343 643 389 671 M.
407 642 538 679 Atilius,
561 653 611 679 10,
631 645 682 681 36.

228 701 272 707 —
288 686 510 724 Trophonius,
528 696 581 725 45,
600 694 652 722 27.

231 744 275 750 —
291 728 410 763 Vifior,
430 738 479 764 10,
497 740 548 769 29.
565 730 590 758 ei
616 729 699 758 aedes
724 735 809 762 vota,
825 728 988 767 spoliaque
1011 729 1152 758 hostiurn
1176 735 1328 765 cremata,
1346 728 1417 759 ibid.

269 772 340 801 Jovi
361 771 476 801 vietori
494 772 651 811 pocillum
668 771 775 808 mulsi,
793 773 978 811 priusquam
995 778 1154 802 temetum
1178 771 1309 809 biberet,
1324 778 1418 802 vovet

273 815 307 844 L.
326 815 479 852 Papirius,
495 825 549 854 42.

227 857 314 886 Jovis
331 859 414 887 aedes
431 859 462 886 in
477 857 637 896 Capitolio
654 858 810 894 dedicata,
830 867 861 893 2,
879 859 911 888 8.

229 916 273 922 —-
288 901 372 929 aedes
392 901 464 930 duae
482 902 511 929 in
531 901 690 939 Capitolio
706 901 872 936 dedicatae,
892 908 944 940 35,
961 910 1015 938 4¹·

228 959 272 965 —
287 944 390 973 aedem
417 944 446 972 in
472 944 643 983 Capitolio,
661 944 891 982 columnasque
916 944 1001 973 circa
1025 941 1188 981 poliendas
1210 941 1285 972 albo
1307 942 1418 973 locant

274 987 428 1021 censoreS,
446 996 501 1024 40,
519 996 572 1026 51-

228 1045 272 1052 —
286 1029 378 1064 cella,
396 1030 427 1059 in
446 1040 508 1067 qua
525 1037 598 1059 ante
616 1030 710 1068 pedes
725 1029 863 1059 Junonis
876 1035 936 1059 tres
951 1035 1065 1068 paterae
1079 1038 1182 1059 aureae
1199 1028 1320 1068 pofitae,
1335 1030 1367 1067 6,
1385 1039 1417 1069 4.

229 1088 273 1095 -
289 1073 422 1111 epulum
440 1073 589 1102 ludorum
607 1072 724 1109 cauffa,
741 1080 794 1112 25,
814 1084 842 1104 2.
861 1080 914 1109 27,
933 1073 984 1111 36.
1002 1083 1056 1113 29,
1076 1073 1128 1110 38.

229 1132 272 1138 —
287 1122 387 1154 porta,
405 1116 536 1155 Capuae,
552 1117 604 1150 26,
627 1126 673 1155 ¹4⁷

229 1174 273 1181 ·-
287 1158 373 1194 sella,
390 1159 421 1187 in
439 1159 560 1196 templo
578 1157 773 1196 Capitolino,
790 1165 820 1197 ς,
841 1165 891 1197 50.

228 1217 272 1224 ·-
288 1201 427 1238 signum,
445 1203 596 1231 Praeneste
610 1202 793 1238 dex-celum,
811 1210 829 1230 a
845 1200 995 1230 diffiatore
1011 1201 1052 1230 T.
1072 1200 1207 1230 Quintio
1233 1199 1265 1229 in
1287 1200 1416 1240 Capito-

274 1243 354 1273 lium
374 1245 482 1279 fertur,
498 1245 530 1278 6,
551 1255 599 1284 29.

228 1303 271 1309 —
289 1287 448 1325 templum
469 1289 500 1317 in
518 1286 677 1325 Capitolio
694 1287 869 1322 dedicatur,
888 1287 971 1325 Epit.
990 1288 1040 1326 98.

227 1330 298 1359 Jovi
316 1340 404 1359 aram
422 1332 453 1359 in
472 1338 581 1359 monte
598 1330 697 1359 AEmo
714 1330 875 1359 consecrat
893 1329 1070 1368 Philippu5‚
1086 1338 1142 1367 40,
1160 1337 1211 1358 22.

227 1373 337 1402 Jurare
355 1383 419 1402 non
436 1375 533 1412 potest
550 1373 669 1402 flamen
692 1373 806 1409 Dialis,
823 1380 919 1412 atque
942 1373 1020 1402 adeo
1035 1371 1138 1401 alium
1152 1371 1217 1408 dat,
1235 1371 1291 1410 qui
1315 1381 1370 1412 pro
1387 1371 1416 1401 se

268 1423 366 1452 juret,
386 1426 438 1453 31,
458 1427 507 1456 50.

227 1460 460 1496 thsjurandum
476 1459 616 1488 militum
631 1459 788 1489 diversum
803 1469 820 1488 a
834 1459 1054 1493 Sacramento,
1070 1468 1123 1494 22,
1138 1458 1189 1496 38-

227 1502 438 1538 Jurisjurandi
463 1503 602 1540 ieligtota
621 1502 808 1538 obiervatio,
824 1512 856 1540 3,
871 1511 922 1532 20.
936 1502 1033 1530 nimis
1058 1501 1173 1530 callida
1187 1499 1415 1538 interpretatio,

277 1555 329 1579 22,
346 1548 396 1575 61.

226 1588 438 1625 jurejurando
460 1587 588 1617 adnexus
610 1587 760 1626 populus,
782 1587 949 1616 neminem
972 1594 1100 1624 regnare
1124 1585 1238 1614 Rornae
1261 1584 1414 1624 passuros,

275 1641 305 1665 2,
325 1640 350 1659 1.
366 1639 394 1659 et
411 1641 440 1660 2.

227 1673 286 1702 Jus
301 1674 331 1702 id
345 1675 399 1708 est,
418 1673 502 1711 quod
517 1674 710 1710 postremum
727 1671 976 1711 populusjubet,
993 1679 1024 1709 7,
1042 1677 1092 1707 17.
1106 1680 1138 1708 9,
1153 1680 1204 1709 33.

227 1716 285 1745 Jus
299 1716 446 1745 divinum
465 1723 494 1745 et
509 1717 705 1750 humanum,
728 1726 756 1750 r,
777 1717 824 1745 18.

226 1775 270 1782 -—-
283 1758 389 1795 civile,
405 1758 576 1798 repositum
591 1759 621 1788 in
637 1759 828 1798 pontificum
843 1757 1069 1797 penetralibus,
1081 1756 1208 1795 evulgat
1221 1755 1257 1785 C.
1272 1755 1413 1793 Flavius,

273 1811 305 1840 9,
319 1803 373 1840 46·

228 1845 393 1874 Justntium
408 1844 578 1882 indifium,
595 1854 625 1883 3,
642 1854 671 1882 3.
686 1851 718 1874 et
732 1851 783 1880 27.
806 1854 840 1882 4,
859 1845 909 1874 26.
924 1849 954 1872 et
973 1852 1023 1881 31.
1041 1843 1073 1879 6,
1089 1852 1119 1873 2.
1133 1848 1163 1871 et
1179 1849 1209 1879 7.
1224 1850 1254 1878 7,
1271 1843 1301 1872 6.
1315 1848 1346 1871 et
1361 1842 1412 1872 28.

275 1897 325 1922 10,
340 1898 372 1926 4.
386 1894 416 1916 et
432 1897 481 1916 21.

225 1946 270 1952 ——
283 1940 335 1968 per
349 1930 557 1967 quatnduurn
584 1930 754 1965 servatum,
771 1939 801 1967 3,
819 1938 847 1966 3.
865 1938 919 1967 per
932 1929 996 1958 dies
1010 1929 1122 1957 decem
1146 1934 1176 1957 et
1189 1927 1273 1963 osto,
1292 1936 1342 1964 10,
1359 1936 1412 1958 21.

225 1990 270 1996 --
284 1974 314 2002 in
329 1974 395 2001 foro
410 1973 463 2001 sua
478 1974 585 2011 sponte
598 1980 740 2011 coeptum
757 1973 854 2011 prius,
869 1981 967 2010 quam
981 1971 1153 2008 indiaum,
1168 1981 1200 2010 9,
1217 1977 1246 2007 7.

226 2016 352 2045 Justitio
366 2015 467 2044 simile
480 2017 596 2049 otium,
616 2023 643 2051 7,
666 2025 691 2045 1.
709 2017 760 2050 26,
778 2017 828 2045 26.

226 2059 260 2087 L.
275 2059 444 2087 Juventius
456 2058 596 2092 Thalna,
612 2058 745 2095 legatus,
762 2067 814 2095 39,
833 2066 881 2094 3¹-
907 2057 1045 2085 Romam
1060 2055 1182 2090 miffus,
1197 2055 1248 2092 38.

226 2101 287 2131 Μ’.
300 2101 470 2130 Juventius
481 2102 621 2135 Thalna,
636 2101 780 2130 tribunus
795 2100 906 2138 plebis,
923 2100 1050 2128 accusat
1074 2099 1109 2127 C.
1126 2097 1309 2127 Lucretium
1331 2107 1412 2137 prae-

270 2150 385 2179 torem,
400 2153 455 2182 43,
479 2153 525 2172 ιτ).
551 2151 673 2172 creatus
690 2152 815 2181 praetor,
834 2142 957 2170 sortitur
975 2140 1226 2177 jurisdie'tionem
1253 2141 1333 2169 inter
1357 2150 1410 2180 pe-

271 2188 422 2223 regrinos,
437 2196 490 2224 45,
511 2196 557 2223 14.
571 2193 600 2215 et
621 2186 667 2214 16.
691 2186 887 2223 rogationem
913 2183 1094 2224 promulgat
1118 2183 1156 2213 de
1170 2182 1253 2213 bello
1277 2183 1409 2215 Rhodiis

270 2228 453 2263 indicendo,
468 2238 520 2267 45.
538 2239 587 2258 ιι.
607 2229 688 2266 Epir.
705 2238 755 2267 50.

225 2272 265 2301 T.
279 2272 459 2304 Juxemim,
475 2272 619 2301 tribanus
634 2271 785 2303 militum,
803 2270 887 2299 cadit
902 2270 932 2298 in
948 2279 1066 2308 pugna,
1083 2279 1136 2307 33,
1154 2279 1204 2299 22.

225 2315 263 2344 T.
279 2314 450 2343 ,luventius
463 2315 590 2344 Thalna
602 2322 723 2344 creatur
740 2320 866 2353 praetor,
883 2322 935 2351 34,
950 2322 1003 2352 42.
1020 2310 1405 2350 sortiturjurisdifiiionem

269 2357 479 2396 peregrinam,
497 2366 549 2397 43.
1255 2359 1259 2362 '
1277 2371 1279 2373 ·
