<?xml version="1.0" encoding="UTF-8"?>
<!DOCTYPE html PUBLIC "-//W3C//DTD XHTML 1.0 Transitional//EN"
    "http://www.w3.org/TR/xhtml1/DTD/xhtml1-transitional.dtd">
<html xmlns="http://www.w3.org/1999/xhtml" xml:lang="en" lang="en">
 <head>
  <title>
</title>
<meta http-equiv="Content-Type" content="text/html;charset=utf-8" />
  <meta name='ocr-system' content='tesseract 3.04.00' />
  <meta name='ocr-capabilities' content='ocr_page ocr_carea ocr_par ocr_line ocrx_word'/>
</head>
<body>
  <div class='ocr_page' id='page_1' title='image "./historiarumquaes05livyuoft_0351.png"; bbox 0 0 1572 2616; ppageno 0'>
   <div class='ocr_carea' id='block_1_1' title="bbox 149 332 365 410">
    <p class='ocr_par' dir='ltr' id='par_1_1' title="bbox 149 332 365 410">
     <span class='ocr_line' id='line_1_1' title="bbox 149 332 365 365; baseline 0.019 -4"><span class='ocrx_word' id='word_1_1' title='bbox 149 332 365 365; x_wconf 73' lang='lat' dir='ltr'>A1M1L11</span> 
     </span>
     <span class='ocr_line' id='line_1_2' title="bbox 149 375 363 410; baseline 0.023 -5"><span class='ocrx_word' id='word_1_2' title='bbox 149 375 363 410; x_wconf 81' lang='lat' dir='ltr'><strong>SCAURI.</strong></span> 
     </span>
    </p>
   </div>
   <div class='ocr_carea' id='block_1_2' title="bbox 498 67 1383 129">
    <p class='ocr_par' dir='ltr' id='par_1_2' title="bbox 498 67 1383 129">
     <span class='ocr_line' id='line_1_3' title="bbox 498 67 1383 129; baseline 0 -16"><span class='ocrx_word' id='word_1_3' title='bbox 498 84 755 114; x_wconf 71' lang='lat' dir='ltr'>PATRICIAE</span> <span class='ocrx_word' id='word_1_4' title='bbox 792 84 1007 114; x_wconf 71' lang='lat' dir='ltr'><strong>GENTEs.</strong></span> <span class='ocrx_word' id='word_1_5' title='bbox 1283 83 1341 129; x_wconf 80' lang='lat'>55</span> <span class='ocrx_word' id='word_1_6' title='bbox 1376 67 1383 74; x_wconf 82' lang='grc'><em>“</em></span> 
     </span>
    </p>
   </div>
   <div class='ocr_carea' id='block_1_3' title="bbox 430 163 1344 291">
    <p class='ocr_par' dir='ltr' id='par_1_3' title="bbox 430 163 1344 291">
     <span class='ocr_line' id='line_1_4' title="bbox 431 163 1344 203; baseline 0 -10"><span class='ocrx_word' id='word_1_7' title='bbox 431 163 522 200; x_wconf 77' lang='lat' dir='ltr'>vicit,</span> <span class='ocrx_word' id='word_1_8' title='bbox 539 164 576 194; x_wconf 91' lang='lat' dir='ltr'>de</span> <span class='ocrx_word' id='word_1_9' title='bbox 601 165 637 194; x_wconf 88' lang='lat' dir='ltr'>iis</span> <span class='ocrx_word' id='word_1_10' title='bbox 653 164 912 203; x_wconf 73' lang='lat' dir='ltr'>speciosissimum</span> <span class='ocrx_word' id='word_1_11' title='bbox 935 163 1140 203; x_wconf 73' lang='lat' dir='ltr'>triumphum</span> <span class='ocrx_word' id='word_1_12' title='bbox 1164 165 1238 203; x_wconf 75' lang='lat' dir='ltr'>egit.</span> <span class='ocrx_word' id='word_1_13' title='bbox 1283 165 1344 194; x_wconf 85' lang='lat' dir='ltr'>Po.</span> 
     </span>
     <span class='ocr_line' id='line_1_5' title="bbox 431 205 1340 245; baseline 0.004 -10"><span class='ocrx_word' id='word_1_14' title='bbox 431 205 536 245; x_wconf 78' lang='lat' dir='ltr'>lybius</span> <span class='ocrx_word' id='word_1_15' title='bbox 552 207 632 237; x_wconf 85' lang='lat' dir='ltr'>libro</span> <span class='ocrx_word' id='word_1_16' title='bbox 645 208 678 238; x_wconf 88' lang='lat' dir='ltr'>ii.</span> <span class='ocrx_word' id='word_1_17' title='bbox 717 207 839 239; x_wconf 84' lang='lat' dir='ltr'><strong>Plinius</strong></span> <span class='ocrx_word' id='word_1_18' title='bbox 852 208 910 238; x_wconf 84' lang='lat' dir='ltr'>lib.</span> <span class='ocrx_word' id='word_1_19' title='bbox 927 208 971 238; x_wconf 84' lang='lat' dir='ltr'>iii.</span> <span class='ocrx_word' id='word_1_20' title='bbox 989 217 1041 238; x_wconf 86' lang='lat'>20.</span> <span class='ocrx_word' id='word_1_21' title='bbox 1075 207 1191 237; x_wconf 79' lang='lat' dir='ltr'>Censor</span> <span class='ocrx_word' id='word_1_22' title='bbox 1207 217 1286 238; x_wconf 87' lang='lat' dir='ltr'>cum</span> <span class='ocrx_word' id='word_1_23' title='bbox 1303 209 1340 239; x_wconf 89' lang='lat' dir='ltr'>C.</span> 
     </span>
     <span class='ocr_line' id='line_1_6' title="bbox 430 249 799 291; baseline -0.003 -12"><span class='ocrx_word' id='word_1_24' title='bbox 430 249 604 288; x_wconf 76' lang='lat' dir='ltr'>Flaminio,</span> <span class='ocrx_word' id='word_1_25' title='bbox 622 260 709 280; x_wconf 87' lang='lat' dir='ltr'>anno</span> <span class='ocrx_word' id='word_1_26' title='bbox 725 258 799 291; x_wconf 84' lang='lat'><strong>534.</strong></span> 
     </span>
    </p>
   </div>
   <div class='ocr_carea' id='block_1_4' title="bbox 420 335 1341 1066">
    <p class='ocr_par' dir='ltr' id='par_1_4' title="bbox 425 335 1341 634">
     <span class='ocr_line' id='line_1_7' title="bbox 433 335 1341 367; baseline 0.002 -2"><span class='ocrx_word' id='word_1_27' title='bbox 433 335 481 365; x_wconf 92' lang='lat' dir='ltr'>M.</span> <span class='ocrx_word' id='word_1_28' title='bbox 500 337 698 367; x_wconf 80' lang='lat' dir='ltr'>A1M1L1US</span> <span class='ocrx_word' id='word_1_29' title='bbox 715 337 947 367; x_wconf 61' lang='lat' dir='ltr'>*SCAURUS</span> <span class='ocrx_word' id='word_1_30' title='bbox 976 336 1094 367; x_wconf 78' lang='lat' dir='ltr'>Consul</span> <span class='ocrx_word' id='word_1_31' title='bbox 1110 346 1187 367; x_wconf 84' lang='lat' dir='ltr'>cum</span> <span class='ocrx_word' id='word_1_32' title='bbox 1205 337 1252 366; x_wconf 86' lang='lat' dir='ltr'>M.</span> <span class='ocrx_word' id='word_1_33' title='bbox 1271 338 1341 367; x_wconf 72' lang='lat' dir='ltr'>Cae-</span> 
     </span>
     <span class='ocr_line' id='line_1_8' title="bbox 430 379 1338 419; baseline 0.002 -11"><span class='ocrx_word' id='word_1_34' title='bbox 430 379 518 415; x_wconf 89' lang='lat' dir='ltr'>cilio,</span> <span class='ocrx_word' id='word_1_35' title='bbox 534 389 620 410; x_wconf 88' lang='lat' dir='ltr'>anno</span> <span class='ocrx_word' id='word_1_36' title='bbox 637 381 711 419; x_wconf 83' lang='lat'><strong>638.</strong></span> <span class='ocrx_word' id='word_1_37' title='bbox 735 380 944 410; x_wconf 81' lang='lat' dir='ltr'>Caffiodorus.</span> <span class='ocrx_word' id='word_1_38' title='bbox 968 380 1079 410; x_wconf 82' lang='lat' dir='ltr'>Cicero</span> <span class='ocrx_word' id='word_1_39' title='bbox 1096 390 1178 418; x_wconf 80' lang='lat' dir='ltr'>pro</span> <span class='ocrx_word' id='word_1_40' title='bbox 1169 381 1338 410; x_wconf 78' lang='lat' dir='ltr'>Muraena:</span> 
     </span>
     <span class='ocr_line' id='line_1_9' title="bbox 431 421 1339 462; baseline 0.001 -11"><span class='ocrx_word' id='word_1_41' title='bbox 431 421 463 451; x_wconf 82' lang='lat' dir='ltr'>in</span> <span class='ocrx_word' id='word_1_42' title='bbox 482 423 588 452; x_wconf 85' lang='lat' dir='ltr'>Bruto</span> <span class='ocrx_word' id='word_1_43' title='bbox 635 423 756 453; x_wconf 82' lang='lat' dir='ltr'>Plinius</span> <span class='ocrx_word' id='word_1_44' title='bbox 779 423 835 453; x_wconf 87' lang='lat' dir='ltr'>lib.</span> <span class='ocrx_word' id='word_1_45' title='bbox 853 423 885 453; x_wconf 87' lang='lat' dir='ltr'>ii.</span> <span class='ocrx_word' id='word_1_46' title='bbox 909 432 979 461; x_wconf 70' lang='lat' dir='ltr'>cap.</span> <span class='ocrx_word' id='word_1_47' title='bbox 997 430 1032 462; x_wconf 98' lang='grc'>5·</span> <span class='ocrx_word' id='word_1_48' title='bbox 1041 431 1095 453; x_wconf 84' lang='lat' dir='ltr'>et</span> <span class='ocrx_word' id='word_1_49' title='bbox 1111 423 1167 452; x_wconf 77' lang='lat' dir='ltr'>lib</span> <span class='ocrx_word' id='word_1_50' title='bbox 1184 423 1249 452; x_wconf 85' lang='lat' dir='ltr'>viii.</span> <span class='ocrx_word' id='word_1_51' title='bbox 1267 433 1339 455; x_wconf 77' lang='lat' dir='ltr'>cai).</span> 
     </span>
     <span class='ocr_line' id='line_1_10' title="bbox 428 447 1341 504; baseline 0 -8"><span class='ocrx_word' id='word_1_52' title='bbox 428 471 481 504; x_wconf 83' lang='lat'>57.</span> <span class='ocrx_word' id='word_1_53' title='bbox 505 465 623 495; x_wconf 84' lang='lat' dir='ltr'>Censor</span> <span class='ocrx_word' id='word_1_54' title='bbox 638 476 716 496; x_wconf 83' lang='lat' dir='ltr'>curn</span> <span class='ocrx_word' id='word_1_55' title='bbox 741 466 788 496; x_wconf 91' lang='grc' dir='ltr'>Μ.</span> <span class='ocrx_word' id='word_1_56' title='bbox 806 466 907 502; x_wconf 88' lang='lat' dir='ltr'>Livio,</span> <span class='ocrx_word' id='word_1_57' title='bbox 923 475 1009 495; x_wconf 91' lang='lat' dir='ltr'>anno</span> <span class='ocrx_word' id='word_1_58' title='bbox 1026 447 1100 504; x_wconf 79' lang='lat'><strong>644.</strong></span> <span class='ocrx_word' id='word_1_59' title='bbox 1119 466 1272 496; x_wconf 76' lang='lat' dir='ltr'>Meminit</span> <span class='ocrx_word' id='word_1_60' title='bbox 1287 468 1341 496; x_wconf 88' lang='lat' dir='ltr'>Ci-</span> 
     </span>
     <span class='ocr_line' id='line_1_11' title="bbox 427 509 1338 547; baseline 0.003 -10"><span class='ocrx_word' id='word_1_61' title='bbox 427 517 499 537; x_wconf 86' lang='lat' dir='ltr'>cero</span> <span class='ocrx_word' id='word_1_62' title='bbox 521 509 560 537; x_wconf 89' lang='lat' dir='ltr'>de</span> <span class='ocrx_word' id='word_1_63' title='bbox 583 509 738 539; x_wconf 74' lang='lat' dir='ltr'>Oratore·</span> <span class='ocrx_word' id='word_1_64' title='bbox 732 510 764 538; x_wconf 75' lang='lat' dir='ltr'>ii.</span> <span class='ocrx_word' id='word_1_65' title='bbox 787 509 846 539; x_wconf 84' lang='lat' dir='ltr'>Pro</span> <span class='ocrx_word' id='word_1_66' title='bbox 861 509 992 539; x_wconf 79' lang='lat' dir='ltr'>Sextio:</span> <span class='ocrx_word' id='word_1_67' title='bbox 1017 509 1056 538; x_wconf 87' lang='lat' dir='ltr'>de</span> <span class='ocrx_word' id='word_1_68' title='bbox 1077 509 1213 547; x_wconf 78' lang='lat' dir='ltr'>Legibus</span> <span class='ocrx_word' id='word_1_69' title='bbox 1234 510 1338 540; x_wconf 74' lang='lat' dir='ltr'>tertio.</span> 
     </span>
     <span class='ocr_line' id='line_1_12' title="bbox 425 550 1337 592; baseline 0.001 -11"><span class='ocrx_word' id='word_1_70' title='bbox 425 550 568 581; x_wconf 82' lang='lat' dir='ltr'>Valerius</span> <span class='ocrx_word' id='word_1_71' title='bbox 593 551 671 581; x_wconf 47' lang='lat' dir='ltr'>libs</span> <span class='ocrx_word' id='word_1_72' title='bbox 665 553 710 582; x_wconf 78' lang='lat' dir='ltr'>iii.</span> <span class='ocrx_word' id='word_1_73' title='bbox 732 561 803 592; x_wconf 86' lang='lat' dir='ltr'>cap.</span> <span class='ocrx_word' id='word_1_74' title='bbox 820 562 847 583; x_wconf 85' lang='lat'>2.</span> <span class='ocrx_word' id='word_1_75' title='bbox 863 559 895 582; x_wconf 84' lang='lat' dir='ltr'>et</span> <span class='ocrx_word' id='word_1_76' title='bbox 915 560 943 589; x_wconf 90' lang='lat'>7.</span> <span class='ocrx_word' id='word_1_77' title='bbox 967 551 1058 582; x_wconf 83' lang='lat' dir='ltr'>Idem</span> <span class='ocrx_word' id='word_1_78' title='bbox 1082 552 1161 582; x_wconf 84' lang='lat' dir='ltr'>lib.</span> <span class='ocrx_word' id='word_1_79' title='bbox 1155 562 1197 581; x_wconf 79' lang='grc' dir='ltr'>ιν.</span> <span class='ocrx_word' id='word_1_80' title='bbox 1217 561 1290 592; x_wconf 85' lang='lat' dir='ltr'><strong>cap.</strong></span> <span class='ocrx_word' id='word_1_81' title='bbox 1304 563 1337 591; x_wconf 84' lang='lat'>4.</span> 
     </span>
     <span class='ocr_line' id='line_1_13' title="bbox 426 594 659 634; baseline 0.009 -11"><span class='ocrx_word' id='word_1_82' title='bbox 426 600 458 623; x_wconf 85' lang='lat' dir='ltr'>et</span> <span class='ocrx_word' id='word_1_83' title='bbox 471 594 528 624; x_wconf 85' lang='lat' dir='ltr'>lib.</span> <span class='ocrx_word' id='word_1_84' title='bbox 545 595 611 625; x_wconf 87' lang='lat' dir='ltr'>viii.</span> <span class='ocrx_word' id='word_1_85' title='bbox 630 601 659 634; x_wconf 84' lang='lat'>5.</span> 
     </span>
    </p>

    <p class='ocr_par' dir='ltr' id='par_1_5' title="bbox 420 689 1338 1066">
     <span class='ocr_line' id='line_1_14' title="bbox 425 689 1338 722; baseline 0 -3"><span class='ocrx_word' id='word_1_86' title='bbox 425 689 474 719; x_wconf 92' lang='grc' dir='ltr'>Μ.</span> <span class='ocrx_word' id='word_1_87' title='bbox 491 690 691 721; x_wconf 75' lang='lat' dir='ltr'>AlMlLIUS</span> <span class='ocrx_word' id='word_1_88' title='bbox 708 691 755 721; x_wconf 90' lang='lat' dir='ltr'>M.</span> <span class='ocrx_word' id='word_1_89' title='bbox 773 692 807 721; x_wconf 89' lang='lat' dir='ltr'>F.</span> <span class='ocrx_word' id='word_1_90' title='bbox 823 692 889 721; x_wconf 67' lang='lat' dir='ltr'>*N.</span> <span class='ocrx_word' id='word_1_91' title='bbox 906 690 1117 721; x_wconf 86' lang='lat' dir='ltr'>SCAURUS.</span> <span class='ocrx_word' id='word_1_92' title='bbox 1143 691 1259 721; x_wconf 68' lang='lat' dir='ltr'>AEdilis</span> <span class='ocrx_word' id='word_1_93' title='bbox 1281 701 1338 722; x_wconf 80' lang='lat' dir='ltr'>cu.</span> 
     </span>
     <span class='ocr_line' id='line_1_15' title="bbox 423 732 1333 773; baseline 0.003 -11"><span class='ocrx_word' id='word_1_94' title='bbox 423 732 512 762; x_wconf 69' lang='lat' dir='ltr'>ruiis.</span> <span class='ocrx_word' id='word_1_95' title='bbox 537 733 656 763; x_wconf 75' lang='lat' dir='ltr'>Plinius</span> <span class='ocrx_word' id='word_1_96' title='bbox 679 733 735 763; x_wconf 90' lang='lat' dir='ltr'>lib.</span> <span class='ocrx_word' id='word_1_97' title='bbox 753 735 866 764; x_wconf 84' lang='lat' dir='ltr'>xxxiv.</span> <span class='ocrx_word' id='word_1_98' title='bbox 889 744 959 773; x_wconf 88' lang='lat' dir='ltr'><strong>cap.</strong></span> <span class='ocrx_word' id='word_1_99' title='bbox 977 742 1005 771; x_wconf 92' lang='lat'>7.</span> <span class='ocrx_word' id='word_1_100' title='bbox 1023 741 1054 763; x_wconf 88' lang='lat' dir='ltr'>et</span> <span class='ocrx_word' id='word_1_101' title='bbox 1071 743 1168 763; x_wconf 73' lang='lat' dir='ltr'><strong>xxxv.</strong></span> <span class='ocrx_word' id='word_1_102' title='bbox 1193 744 1262 773; x_wconf 82' lang='lat' dir='ltr'>cap.</span> <span class='ocrx_word' id='word_1_103' title='bbox 1284 745 1333 765; x_wconf 84' lang='lat'>11.</span> 
     </span>
     <span class='ocr_line' id='line_1_16' title="bbox 423 776 1334 815; baseline 0.003 -10"><span class='ocrx_word' id='word_1_104' title='bbox 423 776 535 805; x_wconf 80' lang='lat' dir='ltr'>Cicero</span> <span class='ocrx_word' id='word_1_105' title='bbox 551 786 608 815; x_wconf 82' lang='lat' dir='ltr'>pro</span> <span class='ocrx_word' id='word_1_106' title='bbox 624 777 756 806; x_wconf 82' lang='lat' dir='ltr'>Sextio:</span> <span class='ocrx_word' id='word_1_107' title='bbox 780 778 820 807; x_wconf 92' lang='lat' dir='ltr'>ad</span> <span class='ocrx_word' id='word_1_108' title='bbox 845 779 989 807; x_wconf 71' lang='lat' dir='ltr'>Atticum</span> <span class='ocrx_word' id='word_1_109' title='bbox 1008 778 1049 807; x_wconf 85' lang='lat' dir='ltr'>iv.</span> <span class='ocrx_word' id='word_1_110' title='bbox 1071 776 1175 806; x_wconf 82' lang='lat' dir='ltr'>Julius</span> <span class='ocrx_word' id='word_1_111' title='bbox 1191 777 1334 815; x_wconf 77' lang='lat' dir='ltr'>Solinus,</span> 
     </span>
     <span class='ocr_line' id='line_1_17' title="bbox 423 819 1335 860; baseline 0 -13"><span class='ocrx_word' id='word_1_112' title='bbox 423 827 495 857; x_wconf 85' lang='lat' dir='ltr'><strong>cap.</strong></span> <span class='ocrx_word' id='word_1_113' title='bbox 514 828 564 856; x_wconf 82' lang='lat'>34.</span> <span class='ocrx_word' id='word_1_114' title='bbox 581 827 611 849; x_wconf 82' lang='lat' dir='ltr'>et</span> <span class='ocrx_word' id='word_1_115' title='bbox 629 821 680 857; x_wconf 87' lang='lat'>36.</span> <span class='ocrx_word' id='word_1_116' title='bbox 708 819 966 860; x_wconf 70' lang='lat' dir='ltr'>Hippopotamos</span> <span class='ocrx_word' id='word_1_117' title='bbox 981 827 1012 850; x_wconf 77' lang='lat' dir='ltr'>ct</span> <span class='ocrx_word' id='word_1_118' title='bbox 1027 819 1203 850; x_wconf 76' lang='lat' dir='ltr'>crocodilos</span> <span class='ocrx_word' id='word_1_119' title='bbox 1219 826 1249 848; x_wconf 60' lang='lat' dir='ltr'>e*</span> <span class='ocrx_word' id='word_1_120' title='bbox 1265 821 1335 850; x_wconf 77' lang='lat' dir='ltr'>An.</span> 
     </span>
     <span class='ocr_line' id='line_1_18' title="bbox 421 861 1332 901; baseline 0.003 -11"><span class='ocrx_word' id='word_1_121' title='bbox 421 861 584 891; x_wconf 80' lang='lat' dir='ltr'>dromedae</span> <span class='ocrx_word' id='word_1_122' title='bbox 612 863 740 901; x_wconf 82' lang='lat' dir='ltr'>vestigia</span> <span class='ocrx_word' id='word_1_123' title='bbox 771 864 802 892; x_wconf 92' lang='lat' dir='ltr'>in</span> <span class='ocrx_word' id='word_1_124' title='bbox 834 863 984 893; x_wconf 72' lang='lat' dir='ltr'>aedilitate</span> <span class='ocrx_word' id='word_1_125' title='bbox 1012 862 1184 901; x_wconf 76' lang='lat' dir='ltr'>pubiicaffe</span> <span class='ocrx_word' id='word_1_126' title='bbox 1216 864 1332 893; x_wconf 76' lang='lat' dir='ltr'>scribit.</span> 
     </span>
     <span class='ocr_line' id='line_1_19' title="bbox 421 903 1333 944; baseline 0.002 -10"><span class='ocrx_word' id='word_1_127' title='bbox 421 903 540 934; x_wconf 83' lang='lat' dir='ltr'>Praetor</span> <span class='ocrx_word' id='word_1_128' title='bbox 562 906 761 943; x_wconf 84' lang='lat' dir='ltr'>provinciam</span> <span class='ocrx_word' id='word_1_129' title='bbox 784 906 964 936; x_wconf 85' lang='lat' dir='ltr'>Sardiniam</span> <span class='ocrx_word' id='word_1_130' title='bbox 988 906 1126 942; x_wconf 73' lang='lat' dir='ltr'>sortitus,</span> <span class='ocrx_word' id='word_1_131' title='bbox 1142 907 1333 944; x_wconf 84' lang='lat' dir='ltr'>repetunda-</span> 
     </span>
     <span class='ocr_line' id='line_1_20' title="bbox 422 947 1334 987; baseline 0.003 -12"><span class='ocrx_word' id='word_1_132' title='bbox 422 956 496 976; x_wconf 84' lang='lat' dir='ltr'>mm</span> <span class='ocrx_word' id='word_1_133' title='bbox 514 947 685 985; x_wconf 76' lang='lat' dir='ltr'>postulatus</span> <span class='ocrx_word' id='word_1_134' title='bbox 695 949 781 987; x_wconf 81' lang='lat' dir='ltr'>apud</span> <span class='ocrx_word' id='word_1_135' title='bbox 797 949 844 979; x_wconf 77' lang='lat' dir='ltr'>M.</span> <span class='ocrx_word' id='word_1_136' title='bbox 859 950 1015 979; x_wconf 87' lang='lat' dir='ltr'>Catonem</span> <span class='ocrx_word' id='word_1_137' title='bbox 1030 955 1194 987; x_wconf 68' lang='lat' dir='ltr'>praetorem</span> <span class='ocrx_word' id='word_1_138' title='bbox 1210 958 1228 978; x_wconf 86' lang='lat' dir='ltr'>a</span> <span class='ocrx_word' id='word_1_139' title='bbox 1241 949 1334 979; x_wconf 83' lang='lat' dir='ltr'>Cice-</span> 
     </span>
     <span class='ocr_line' id='line_1_21' title="bbox 421 990 1332 1032; baseline 0.005 -15"><span class='ocrx_word' id='word_1_140' title='bbox 421 998 500 1018; x_wconf 85' lang='lat' dir='ltr'>rone</span> <span class='ocrx_word' id='word_1_141' title='bbox 522 990 677 1025; x_wconf 81' lang='lat' dir='ltr'><strong>defensus,</strong></span> <span class='ocrx_word' id='word_1_142' title='bbox 695 991 857 1023; x_wconf 83' lang='lat' dir='ltr'>absolutus</span> <span class='ocrx_word' id='word_1_143' title='bbox 879 994 932 1024; x_wconf 80' lang='lat' dir='ltr'>est.</span> <span class='ocrx_word' id='word_1_144' title='bbox 955 992 1112 1023; x_wconf 72' lang='lat' dir='ltr'>Asconius</span> <span class='ocrx_word' id='word_1_145' title='bbox 1129 1001 1184 1032; x_wconf 79' lang='lat' dir='ltr'>pro</span> <span class='ocrx_word' id='word_1_146' title='bbox 1201 992 1332 1023; x_wconf 77' lang='lat' dir='ltr'>Scauro.</span> 
     </span>
     <span class='ocr_line' id='line_1_22' title="bbox 420 1030 764 1066; baseline 0.012 -5"><span class='ocrx_word' id='word_1_147' title='bbox 420 1030 565 1064; x_wconf 72' lang='lat' dir='ltr'>Valonus</span> <span class='ocrx_word' id='word_1_148' title='bbox 579 1032 634 1066; x_wconf 84' lang='lat' dir='ltr'>hb</span> <span class='ocrx_word' id='word_1_149' title='bbox 651 1034 716 1066; x_wconf 85' lang='lat' dir='ltr'>viii.</span> <span class='ocrx_word' id='word_1_150' title='bbox 735 1044 764 1066; x_wconf 72' lang='grc' dir='ltr'>ι.</span> 
     </span>
    </p>
   </div>
  </div>
 </body>
</html>
