1572 2616
262 160 342 202 140
603 162 769 192 INDEX
804 164 859 193 IN
894 165 940 194 T.
966 162 1100 199 mvn

259 240 389 282 Lycius,
403 240 491 277 urbs,
504 241 589 282 Epit.
606 252 659 284 99.

259 284 660 368 Lygggogiiisdffgisssstcffli
684 295 741 368 {tgr
763 286 977 328 septingentos
999 298 1102 320 annos
1123 289 1330 321 adsueverant
1347 288 1445 322 Lac·-

461 351 471 366 5
662 351 671 365 9
733 351 742 366 2
805 352 811 361 u
949 356 957 363 v
971 339 1003 362 et
1063 356 1070 362 .

259 369 436 411 Lycurgus,
454 377 609 409 tyrannus
626 339 960 414 Laeedaeffiorffigiuss,
979 339 1104 415 343726.

259 414 362 454 Lycus
374 416 406 445 in
421 414 614 453 Daffaretiis‚
627 425 677 455 32,
693 425 723 455 9.

260 458 358 498 Lydia
375 459 511 489 donatur
528 459 680 496 Eumeni,
698 460 752 499 38,
768 469 819 501 39.

261 501 436 541 Lyncestae,
452 502 574 541 populi,
589 510 645 542 45,
661 513 712 542 30.

259 544 401 584 Lyncus,
415 546 586 585 oppidum,
602 547 656 584 26,
675 554 727 586 25.
746 556 801 585 31,
820 555 870 586 33.

260 586 476 628 Lysimachia,
494 588 583 624 urbs,
602 598 654 626 32,
670 599 721 630 34.
749 599 803 630 34,
818 596 870 630 57.
894 591 948 630 36,
965 600 1016 630 33.
1041 598 1094 630 37,
1113 598 1163 630 35.
1188 589 1335 630 diripitur
1356 590 1449 621 etin-

303 631 481 662 cenditura
495 632 688 669 Thracibus,
707 642 761 671 33,
780 634 830 671 38.
855 642 927 664 eam
955 635 1115 664 restituere
1139 634 1229 673 cupit
1252 634 1450 671 Antiochus,

303 672 372 703 ibid.
391 681 425 704 ut
439 674 572 705 Seleuco
589 675 656 705 filio
671 685 744 706 eam
762 677 814 706 ‹let
830 677 916 716 regni
932 677 1051 714 sedem,
1064 686 1118 716 40.
1131 676 1197 706 vid.
1215 683 1243 705 et
1259 685 1312 717 35,
1332 684 1382 716 15.

258 715 482 766 Lyfimachus‚
498 717 633 757 Philippi
650 720 788 757 amicus,
802 720 835 750 in
859 719 1030 751 confilium
1046 721 1086 752 ab
1099 729 1138 751 eo
1153 719 1321 753 adhibetur
1337 719 1376 750 ad
1395 718 1448 758 ju-

302 760 425 791 dicium
440 762 607 799 Demetrii,
621 771 677 802 40,
695 763 726 794 8.

260 802 407 844 Lysinoe,
420 805 507 842 urbs,
527 805 579 843 38,
601 814 652 845 15.

260 846 359 888 Lyfis,
373 846 502 888 fluvius,
519 849 574 888 38,
594 855 643 888 15.

821 1052 872 1082 M.

260 1134 509 1190 MACATUS,
524 1150 591 1183 vid.
609 1152 730 1183 Livius.

261 1193 468 1233 Macedonia,
493 1206 522 1232 1,
551 1205 578 1225 1.
607 1205 639 1234 9,
668 1197 717 1227 18.
743 1195 972 1226 Macedoniam
997 1194 1192 1234 populantur
1214 1193 1368 1230 Dardani,
1393 1200 1448 1231 27,

306 1247 357 1276 33.
374 1244 440 1268 tota
455 1239 484 1268 se
508 1239 594 1268 dedit
610 1238 746 1268 AEmilio
762 1238 885 1275 Paullo,
901 1238 1038 1275 consuli,
1051 1247 1106 1278 44,
1124 1245 1177 1278 45.
1195 1238 1232 1267 de
1256 1237 1449 1267 Macedonia

304 1279 627 1317 senatusconsultum,
641 1291 697 1321 45,
718 1283 769 1312 18.
787 1282 815 1312 ei
827 1281 955 1313 libertas
971 1282 1075 1319 datur,
1093 1291 1145 1323 29.
1159 1281 1310 1311 dividitur
1325 1280 1359 1310 in
1372 1288 1452 1320 qua·

305 1329 377 1353 tuor
390 1325 546 1364 regiones,
564 1324 636 1356 ibid.
652 1331 680 1354 et
697 1334 750 1364 30.

258 1365 474 1406 Macedones,
491 1377 520 1405 7,
535 1370 586 1400 26.

263 1409 470 1441 Macedonici
484 1413 642 1441 exercitus
659 1411 816 1441 Romanis
829 1410 1021 1450 comparati,
1037 1421 1068 1451 9,
1090 1419 1140 1451 19.

262 1452 485 1485 Macedonum
512 1454 595 1492 legio
619 1455 652 1483 in
676 1454 847 1484 Annibalis
871 1455 1026 1489 exercitu,
1045 1462 1098 1492 30,
1114 1462 1165 1491 33.
1190 1451 1256 1482 vid.
1273 1450 1452 1490 Philippus.

304 1505 418 1526 eorum
431 1497 539 1536 legati,
557 1498 589 1526 in
613 1497 758 1527 senatum
783 1497 966 1533 introduffi‚
984 1502 1159 1536 queruntur
1178 1495 1217 1525 de
1240 1495 1289 1524 M.
1305 1493 1450 1530 Aurelio,

307 1547 361 1578 30,
377 1548 432 1578 42.
461 1540 682 1569 Macedonum
706 1540 809 1578 gentis
834 1539 996 1575 nobilitas,
1023 1548 1075 1577 31,
1095 1548 1122 1568 1.
1148 1537 1351 1568 Macedonici
1374 1535 1450 1566 belli

306 1582 422 1612 cauffae
439 1591 515 1612 cum
532 1581 692 1621 Philippo,
713 1592 741 1617 1,
759 1589 790 1618 5.
812 1581 890 1611 item
914 1591 992 1611 cum
1016 1581 1135 1617 Perseo,
1152 1590 1201 1620 39,
1219 1589 1270 1617 23.
1296 1579 1452 1609 Macedo-

306 1633 363 1654 nes
378 1632 533 1654 terrentur
555 1625 697 1654 foeditate
721 1623 904 1659 vulnerum,
921 1624 1075 1653 Romanis
1088 1623 1184 1653 armis
1205 1622 1380 1658 illatorum,
1394 1630 1450 1660 31,

307 1676 361 1707 34.
385 1677 497 1697 eorum
522 1668 649 1697 animos
666 1666 720 1696 fibi
745 1666 916 1696 conciliare
936 1666 1036 1696 studet
1059 1665 1237 1705 Philippus,
1253 1674 1305 1704 32,
1321 1673 1351 1704 5.
1376 1664 1451 1694 Ma-

306 1711 470 1740 cedonum
498 1720 577 1741 cum
603 1710 758 1740 Romanis
783 1719 890 1749 pugna
911 1710 950 1739 ad
975 1709 1246 1749 Cynoscephalas
1265 1718 1317 1747 33,
1334 1715 1450 1745 7—-10,

306 1752 530 1783 Macedonum
553 1753 790 1783 interfe&orum
805 1753 866 1782 offa
880 1753 954 1792 legit
971 1753 1155 1782 Antiochus
1177 1752 1215 1780 ad
1229 1750 1452 1791 Cynoscepha-

306 1795 365 1833 las,
390 1798 443 1835 36,
458 1798 488 1827 8.
516 1797 724 1826 offenduntur
748 1805 766 1825 a
792 1796 951 1835 Philippo.
968 1805 1022 1835 40,
1042 1805 1070 1833 3.
1096 1794 1291 1825 Macedones
1316 1794 1397 1824 inter
1420 1799 1453 1823 et

306 1839 473 1870 Romanos
495 1840 635 1876 fortuna,
653 1849 720 1869 non
742 1838 824 1877 juffu
849 1839 1092 1879 imperatorum,
1117 1836 1323 1867 commissum
1351 1843 1452 1866 certa-

308 1891 399 1920 men,
415 1892 471 1922 44,
485 1891 539 1922 40.
561 1884 735 1912 vincuntur
761 1891 778 1912 a
797 1881 906 1912 Paullo
934 1881 1081 1918 AEmilio,
1096 1891 1235 1920 40-4-2.
1261 1878 1335 1910 belli
1364 1879 1450 1915 finis,

305 1932 362 1965 45,
379 1934 410 1963 9-

263 1967 485 1998 Macedonum
508 1977 644 2007 regnum
660 1967 838 2007 quomodo,
855 1973 885 1997 et
909 1977 962 2007 per
978 1977 1058 2006 quos
1080 1965 1237 1996 creverit?
1261 1970 1317 2004 45,
1333 1971 1363 2001 9.
1381 1964 1449 2003 post

308 2017 447 2041 mortem
460 2011 634 2041 Alexandri
650 2012 682 2040 in
696 2010 800 2040 multa
813 2020 908 2049 regna
922 2009 1117 2044 distractum,
1132 2008 1203 2038 ibid.

264 2053 485 2084 Macedonum
503 2055 662 2094 principes
678 2055 710 2083 in
728 2053 855 2082 ltaliam
872 2053 1090 2090 irejubentnr‚
1106 2058 1160 2091 45,
1181 2060 1230 2088 32.

265 2097 500 2127 Macedonibus
523 2097 688 2127 interdifita
704 2097 772 2126 auri
795 2102 827 2126 et
848 2097 968 2135 argenti
984 2094 1127 2133 metalla,
1143 2103 1198 2135 45,
1214 2102 1266 2131 29.
1278 2098 1309 2123 et
1325 2100 1450 2123 connu-

310 2140 363 2169 bia
375 2147 464 2170 extra
477 2140 556 2170 fines
570 2141 652 2173 suos,
666 2138 738 2169 ibid.

267 2182 481 2213 Macedonica
496 2182 653 2222 phalanx,
668 2194 699 2222 9,
718 2191 766 2219 19.

267 2224 481 2256 Macedonica
493 2225 610 2265 praeda,
626 2232 682 2265 45,
702 2234 751 2263 33,
765 2229 796 2253 et
809 2233 861 2263 39.

267 2268 471 2298 Macedonici
485 2268 641 2299 exercitus
653 2267 805 2303 lustratio,
822 2275 876 2305 40,
891 2267 922 2297 6.

268 2310 520 2342 Macedonicum
533 2320 632 2347 mare,
647 2319 700 2350 44,
719 2319 730 2339 1
741 2320 767 2340 1.

269 2352 523 2386 Macedonicum
535 2354 670 2392 vallum,
685 2352 752 2384 vid.
767 2351 908 2383 Vallum.
