1572 2616
436 140 694 170 PATRICIAE
729 139 947 168 GENTES.
1231 136 1285 182 5¹7

100 222 209 272 plum
228 221 374 259 secutus
396 221 566 258 Valerius
588 220 788 270 Poplicola,
808 220 906 269 apud
920 218 1080 256 eandem
1100 230 1201 256 aram
1220 231 1290 268 pu-

101 287 198 323 blice
218 287 439 335 nuncupatis
460 286 568 328 votis,
582 284 753 332 caefisque
773 285 859 321 atris
876 285 996 321 bobus
1014 284 1093 321 Diti
1111 285 1291 329 maribus,

103 350 270 387 foeminis
296 349 535 399 Proserpinae,
556 349 850 396 leffisternioque
869 360 912 384 ac
931 348 1026 384 ludis
1045 349 1217 385 trinoffio
1238 349 1293 385 fa-

102 416 186 459 &is,
200 427 302 452 aram
323 422 419 451 terra
433 415 569 452 obruit.
600 414 726 462 Atque
742 413 825 450 haec
843 414 998 462 quidem
1018 413 1180 450 Valeriae
1201 426 1293 463 gen-

103 478 150 515 tis
170 478 269 515 sacra
286 477 393 515 fuisse
412 476 598 527 gentilicia
616 477 761 526 opinor.
791 476 974 514 Universa
992 489 1081 514 vero
1101 476 1183 513 haec
1202 488 1294 526 gens

103 542 143 578 in
162 548 320 591 quatuor
338 542 496 579 familias
524 541 715 578 distributa
733 541 798 579 est.
852 541 899 578 In
915 542 1048 591 prima,
1070 541 1292 591 Poplicolas,

102 605 307 649 Maximos,
338 607 489 650 Potitos,
517 606 713 649 Corvinos,
740 605 942 650 Meffallas,
967 605 1218 644 collocamus:
1250 618 1296 644 ez

101 670 258 714 ratione,
275 670 363 719 quia
378 668 549 719 ejusdem
568 670 654 707 sunt
672 671 803 720 stirpis.
837 671 910 708 His
929 676 1072 715 autem,
1092 677 1136 707 ut
1156 671 1295 708 Cicero

101 736 150 774 de
168 736 313 785 legibus
339 735 517 779 secundo,
538 742 577 772 et
596 735 813 772 Plutarchus
841 736 878 772 in
908 735 1097 784 Poplicola
1111 735 1292 780 scribunt,

104 801 250 838 virtutis
271 800 391 844 causa,
411 806 455 837 ut
474 801 512 836 in
531 801 624 836 urbe
642 799 902 849 sepelirentur,
920 812 941 836 a
959 799 1090 837 senatu
1108 800 1294 838 tributum

103 870 184 903 erat
210 871 249 902 et
275 864 504 914 permissum,
522 865 624 914 quod
651 865 784 914 posteri
811 877 944 903 eorum
965 863 1053 914 jure
1077 870 1293 904 tenuerunt.

106 930 153 966 In
174 928 345 971 secunda,
364 928 514 965 Flaccos
530 944 538 966 :
569 930 607 966 ‘m
626 932 745 974 tertia,
760 929 961 967 Falcones:
991 929 1030 966 in
1047 936 1192 979 quarta,
1209 929 1293 967 Lae-

105 994 210 1031 vinos
229 992 495 1031 constituimus.
