1572 2616
217 171 275 226 64
651 185 990 217 ROMANORUM

531 394 858 440 HORATIA
896 398 1094 441 GENS.

213 628 440 685 NOBILIS
460 646 513 685 est
532 647 631 697 apud
648 652 793 686 veteres
822 647 1012 686 historicos
1032 649 1317 699 trigeminorum
1336 663 1405 701 pu-

212 727 300 766 gna,
322 712 591 763 clarissimaque
612 715 861 752 Horatiorum
878 715 926 751 de
946 714 1120 751 Curiatiis
1137 716 1300 761 victoria,
1320 729 1406 766 quae

210 779 426 816 libertatem
444 790 487 815 ac
506 779 709 828 imperium
726 779 903 816 Romano
920 779 1075 828 populo,
1097 779 1253 818 Albanis
1271 793 1407 830 perpe-

213 850 319 881 tuam
346 843 564 881 servitutem
589 844 747 892 peperit.
805 844 885 881 Qui
912 845 1015 880 enim
1043 849 1129 880 ante
1156 856 1285 881 rerum
1312 857 1410 894 prae-

211 909 311 945 clare
347 907 534 958 gestarum
570 908 827 956 magnitudine
866 908 992 946 inviffi
1027 908 1346 954 existimabantur,
1383 911 1408 948 ii

209 978 349 1015 virtute
376 981 415 1013 et
441 975 615 1012 industria
643 976 890 1013 Horatiorum
907 975 1009 1019 victi,
1028 975 1209 1012 debilitati
1233 977 1407 1026 depreffi-

210 1053 287 1092 que
317 1040 412 1078 sunt.
469 1041 534 1077 Ab
562 1039 619 1076 his
639 1040 804 1078 Horatiis
829 1042 894 1090 (ne
923 1040 961 1076 in
989 1052 1030 1076 re
1060 1039 1243 1077 notiffima
1271 1041 1408 1079 diutius

210 1106 392 1152 haeream)
416 1104 615 1141 Horatiam
632 1111 787 1153 gentem
812 1110 934 1141 ortam
962 1104 1161 1154 Dionyfius
1190 1105 1255 1142 lib.
1275 1105 1409 1154 quinto

210 1173 321 1210 tradit
339 1187 347 1209 ε
380 1183 504 1220 neque
523 1170 609 1207 sane
630 1171 787 1207 dubium
816 1170 881 1214 est,
902 1170 994 1218 quin
1022 1168 1212 1218 majorum
1233 1172 1406 1220 gentium

211 1236 372 1279 Patricii,
406 1234 555 1272 Horatii
582 1234 666 1278 sint,
695 1241 739 1270 ut
768 1234 832 1283 qui
860 1246 951 1270 cum
980 1233 1144 1270 Romulo
1172 1234 1338 1284 primum
1367 1236 1406 1273 in

210 1303 346 1338 urbem
366 1300 571 1349 migrarint.
628 1298 816 1335 Dividitur
834 1297 917 1335 haec
932 1310 1023 1347 gens
1043 1298 1081 1333 in
1102 1297 1291 1343 Pulvinos,
1313 1300 1406 1337 Bar-

209 1368 329 1408 batos,
350 1364 526 1402 Coclites.
582 1362 743 1400 Illorum
770 1362 924 1412 quidem
951 1362 1151 1399 nominum
1179 1363 1274 1400 ratio
1301 1354 1405 1403 reddi

211 1437 314 1469 certe
334 1428 436 1466 nulla
452 1428 571 1477 potest
587 1443 595 1466 ε
625 1427 814 1465 Coclitem
832 1433 977 1464 veteres
1001 1426 1250 1476 appellabant,
1269 1428 1335 1477 qui
1352 1428 1408 1466 al-

212 1503 294 1534 tero
310 1492 421 1530 oculo
440 1497 583 1528 careret
600 1507 607 1528 :
638 1491 741 1528 unde
757 1491 941 1540 Cyclopas
966 1503 1033 1540 pro
1053 1490 1215 1527 Coclitas
1234 1492 1405 1541 antiquos

211 1558 354 1602 dixiffe,
372 1556 500 1594 au&0r
518 1555 570 1592 est
589 1555 653 1593 lib.
676 1555 806 1593 octavo
826 1555 983 1592 AEneid.
1033 1554 1194 1599 Servius,
1214 1557 1406 1604 quomodo

212 1625 328 1663 etiam
341 1622 462 1659 Varro
482 1621 546 1657 lib.
563 1620 611 1657 de
630 1621 719 1670 ling.
739 1621 819 1658 Lat.
834 1632 870 1658 v.
890 1619 1025 1656 scribit.
1056 1620 1159 1656 Hinc
1175 1619 1268 1656 illud
1285 1620 1403 1658 Plauti

214 1689 265 1730 est
285 1689 323 1724 in
344 1685 584 1729 Curculione,
598 1685 659 1722 De
674 1685 865 1724 Coclitum
885 1684 1052 1735 prosapia
1071 1689 1108 1722 te
1128 1683 1202 1721 esse
1220 1683 1399 1722 arbitror:

214 1772 303 1799 narn
323 1757 360 1796 hi
379 1755 464 1794 sunt
478 1755 642 1794 unoculi.
