1572 2616
232 148 315 193 226
575 161 741 191 INDEX
774 163 829 191 IN
863 162 908 191 τ.
932 162 1066 192 mvn

277 240 365 276 duci,
383 239 454 271 ibid.
477 240 601 278 consul,
619 249 671 281 45.
697 243 888 281 triumphat,
905 242 976 273 ibid.
999 241 1141 282 pontifex
1165 246 1300 279 creatur,
1317 251 1421 281 quum

277 284 421 322 primum
437 283 551 323 plebeii
568 285 736 324 pontifices
752 285 824 314 faeti
842 285 926 323 sunt,
946 296 997 322 10,
1014 295 1045 324 9.
1069 284 1191 322 censor,
1208 284 1280 314 ibid.
1297 292 1423 324 praetor,

279 336 330 356 21.

230 367 269 399 ⁴1³.
287 369 494 408 Sempronius
517 369 711 407 Tuditanus,
736 370 883 401 tribunus
909 371 1052 401 militum
1075 370 1115 400 ad
1142 370 1283 408 Cannas,
1300 380 1354 406 22,
1373 378 1425 410 50.

276 411 344 448 ejus
361 413 472 447 virtu&
489 412 559 441 ibid.
575 419 602 441 et
618 414 669 444 60.
685 423 726 443 ex
742 413 892 444 aedilitate
908 414 1010 444 curuli
1027 420 1141 453 praetor
1155 420 1290 450 creatur,
1306 422 1358 452 24,
1370 422 1424 452 43.

277 453 404 484 sortitur
421 456 620 492 Ariminum,
634 465 686 495 44.
703 455 771 494 ejus
787 466 834 486 res
850 458 955 497 gestae,
971 465 1026 496 47.
1049 457 1222 496 imperium
1237 457 1264 486 ei
1281 465 1429 495 proroga-

277 503 341 533 tur,
370 506 420 538 25,
448 508 475 535 3.
506 499 633 535 iterum,
655 500 703 532 26,
725 509 752 529 1.
780 500 900 538 censor,
919 509 971 538 27,
992 509 1041 530 11.
1066 500 1200 530 lustrum
1226 499 1348 536 condit,
1374 499 1426 537 38.

277 548 401 570 creatur
417 541 540 576 consul,
559 552 661 580 quum
679 542 879 581 provinciam
895 544 1056 573 Graeciam
1072 544 1215 580 haberet,
1233 552 1285 582 29,
1307 551 1355 572 ιι.
1372 551 1428 581 pa-

276 592 351 612 cem
374 593 451 613 cutn
476 584 623 623 Philippo
649 586 735 622 facit,
759 596 805 619 12.
829 587 953 617 sortitur
977 587 1128 623 Bruttios,
1150 595 1199 624 13.
1227 584 1352 623 consul,
1377 590 1430 615 tu-

278 626 453 657 multuario
471 628 582 665 proelio
599 629 741 668 confligit
758 639 836 659 cum
853 630 1023 666 Annibale,
1037 631 1087 668 36.
1103 630 1254 664 vincitur,
1265 628 1337 657 ibid.
1354 627 1430 657 dein

279 676 310 699 et
326 670 521 699 Annibalem
539 671 606 700 acie
622 672 735 707 vincit,
755 672 825 703 ibid.
849 673 953 703 aedem
978 673 1125 702 Fortunae
1149 672 1349 709 Primigeniae
1373 680 1428 700 vo-

278 719 343 749 vet,
362 713 433 742 ibid.
450 713 515 743 vid.
533 721 560 743 et
577 724 629 753 34,
650 722 699 754 53.
723 715 846 754 legatus
862 716 901 745 ad
917 715 1144 751 Ptolemaeum,
1163 723 1215 751 31,
1235 724 1263 745 2.

236 753 270 787 P.
289 755 497 794 Sempronius
514 756 629 787 Blaesus
646 759 793 788 tribunus
806 759 918 798 plebis,
932 760 965 789 P.
983 758 1130 788 Cornelio
1143 757 1301 796 Scipioni,
1314 756 1431 785 trium—

281 799 387 837 phum
411 800 544 837 Ρθῐθῑῑῑῑ,
571 800 701 836 Οὒίῑίῖἰΐ,
721 803 773 839 36,
792 811 842 842 39.
866 802 1050 832 auc'toritate
1074 801 1199 831 senatus
1226 798 1431 838 compellitur

282 842 440 871 remittere
458 842 723 881 intercessionem,
740 854 794 883 40.

236 882 272 915 P.
290 885 499 923 Sempronius
523 885 702 923 Gracchus,
729 888 876 918 tribunus
900 886 1013 927 plebis,
1039 887 1126 917 diem
1150 886 1227 916 dicit
1251 884 1309 915 Μ’.
1325 882 1432 914 Acilio

283 926 460 960 Glabrioni,
478 935 531 966 37,
552 935 604 968 57.

238 968 273 1001 P.
291 970 500 1009 Sempronius
515 972 643 1011 Longus
666 978 789 1002 creatur
805 979 931 1012 praetor,
951 982 1003 1013 39,
1022 981 1073 1011 32.
1096 972 1220 1002 sortitur
1240 969 1432 1010 Hispaniam

283 1013 480 1050 ulteriorem,
499 1014 550 1052 38.

238 1054 293 1088 Ti.
309 1056 517 1095 Sempronius
542 1056 722 1094 Gracchus,
745 1059 893 1096 magister
915 1059 1075 1097 equitum,
1097 1067 1150 1094 22,
1169 1064 1219 1097 57.
1242 1054 1348 1085 castris
1370 1055 1434 1085 Ro-

284 1100 391 1129 manis
407 1099 585 1138 praefeftus,
602 1100 730 1131 absente
745 1100 909 1138 dictatore,
926 1101 1102 1131 Casilinum
1120 1101 1218 1131 mittit
1233 1099 1434 1128 frumentum

283 1148 316 1171 et
333 1151 444 1179 nuceS,
463 1152 516 1181 23,
535 1153 584 1183 19.
608 1153 710 1183 quum
728 1145 872 1182 magister
887 1145 1035 1183 equitum
1051 1150 1083 1174 et
1097 1142 1197 1172 aedilis
1212 1140 1330 1171 curulis
1345 1141 1433 1177 effer,

285 1184 397 1215 consul
410 1193 544 1222 creatur,
564 1197 615 1225 24.
639 1186 784 1217 senatum
800 1187 910 1222 habet,
924 1186 1105 1217 consolatur
1120 1185 1238 1220 Patres,
1251 1183 1366 1222 eosque
1381 1183 1436 1212 ad-

285 1227 443 1264 hortatur,
460 1238 500 1258 ne
516 1228 753 1259 calamitatibus
768 1229 991 1263 succumbant,
1008 1235 1060 1268 25.
1077 1230 1136 1259 init
1152 1226 1368 1262 consulatum,
1384 1236 1434 1265 30.

287 1271 316 1300 εἰ
333 1270 489 1301 volonum
512 1273 669 1302 exercitus
688 1273 767 1302 sorte
783 1274 902 1309 evenit,
920 1282 971 1311 32.
995 1272 1064 1309 ejus
1081 1281 1127 1301 res
1143 1272 1248 1310 gestae,
1267 1277 1317 1307 35.
1338 1270 1388 1306 36.
1405 1275 1437 1299 et

290 1322 342 1351 37.
365 1315 392 1344 ei
409 1322 593 1353 prorogatur
608 1313 861 1355 imperium,‘24,
879 1324 928 1346 10.
950 1315 1053 1345 vincit
1068 1314 1267 1344 Hannonem
1284 1313 1436 1348 Poenum,

291 1365 341 1396 14.
364 1363 395 1386 et
415 1364 463 1396 15.
486 1358 658 1388 volonibus
681 1358 735 1387 dat
758 1358 952 1395 libertatem,
972 1358 1021 1388 16.
1043 1357 1221 1387 secundum
1245 1354 1356 1385 consul
1381 1355 1438 1384 ab·

289 1398 358 1428 sens
375 1407 510 1436 creatur,
528 1410 582 1440 43.
606 1402 637 1430 in
662 1401 798 1431 Lucanis
823 1400 928 1431 multa
952 1400 1063 1440 proelia
1087 1409 1195 1439 parva,
1218 1398 1306 1428 haud
1330 1397 1436 1427 ullum

288 1442 425 1481 dignum
440 1450 635 1481 memoratu,
653 1444 738 1477 facit,
757 1452 811 1483 25,
831 1453 859 1474 1.
883 1443 1005 1482 aliquot
1021 1442 1174 1483 ignobilia
1196 1441 1314 1480 oppida
1336 1441 1437 1470 Luca-

289 1494 407 1514 norum
423 1487 520 1524 capit,
537 1486 608 1515 ibid.
632 1487 660 1516 ei
677 1487 849 1525 imperium
872 1492 1070 1526 prorogatur,
1089 1495 1119 1524 3.
1143 1495 1184 1515 ex
1206 1484 1343 1514 Lucanis
1359 1492 1437 1513 cum

291 1529 435 1566 equitatu
451 1538 488 1558 ac
504 1528 565 1558 levi
582 1535 742 1559 armatura
758 1530 980 1559 Beneventum
1001 1530 1107 1560 venire
1126 1527 1268 1566 jubetur,
1289 1534 1337 1566 15.
1353 1527 1438 1556 triste

290 1571 471 1610 prodigium
489 1571 638 1601 Graccho
661 1572 849 1602 sacrificanti
871 1571 1006 1608 fafitum,
1026 1573 1075 1602 16.
1100 1571 1278 1610 proditione
1297 1570 1439 1599 circurn-

292 1615 429 1650 venitur,
446 1614 518 1643 ibid.
542 1615 700 1645 exanimis
715 1615 755 1644 ad
770 1614 968 1645 Annibalem
983 1614 1134 1650 mittitur,
1151 1613 1344 1652 poniturque
1361 1620 1438 1641 cum

293 1657 394 1695 captis
407 1656 498 1686 fimul
514 1657 649 1687 fascibus
665 1664 739 1687 ante
753 1657 893 1687 tribunal
907 1657 1119 1696 imperatoris,
1133 1655 1204 1685 ibid.
1220 1655 1258 1684 de
1271 1654 1340 1692 ejus
1348 1654 1439 1684 obitu

292 1699 379 1729 varia
394 1700 491 1736 fama,
512 1710 523 1729 1
534 1708 561 1737 7.
585 1701 663 1730 item
679 1701 718 1730 de
733 1700 800 1738 ejus
813 1701 935 1736 funere,
951 1699 1023 1730 ibid.

250 1741 302 1772 Ti.
320 1743 527 1781 Sempronius
543 1743 718 1776 Gracchus,
735 1743 914 1773 admodum
935 1741 1129 1778 adolescens,
1144 1749 1245 1779 augur
1267 1746 1389 1770 creatur
1407 1739 1440 1770 in

295 1785 404 1814 locum
422 1785 470 1816 Μ.
487 1786 655 1825 Pomponii
677 1786 855 1821 Mathonis,
874 1796 928 1826 29,
945 1787 997 1824 38.
1021 1784 1168 1820 moritur,
1185 1793 1240 1822 41,
1260 1783 1311 1814 26.

251 1827 292 1858 T.
310 1828 516 1867 Sempronius
541 1829 720 1866 Gracchus,
745 1828 909 1869 praefeaus
931 1828 1068 1865 socium,
1084 1827 1169 1857 cadit
1184 1827 1218 1857 in
1231 1826 1344 1866 proelio
1364 1834 1442 1856 cum

297 1871 393 1906 Boiis,
411 1881 464 1909 33,
483 1872 534 1910 36.

254 1914 305 1944 Ti.
324 1914 530 1952 Sempronius
547 1915 725 1951 Gracchus,
741 1924 813 1944 acer
834 1914 976 1952 juvenis,
1000 1914 1123 1953 legatus
1146 1912 1284 1943 mittitur
1306 1911 1345 1942 ad
1368 1911 1442 1941 Phi-

298 1956 437 1995 lippum,
465 1964 515 1994 37,
543 1964 571 1992 7.
595 1958 634 1986 ab
658 1967 696 1987 eo
721 1958 854 1987 comiter
877 1958 1045 1996 accipitur,
1062 1956 1134 1986 ibid.
1157 1955 1304 1985 tribunus
1326 1953 1441 1994 plebis,

299 1999 420 2029 auxilio
437 2002 479 2028 est
495 2000 634 2039 Scipioni
658 2001 821 2037 Africano,
839 2010 879 2030 ne
903 2000 1042 2030 caussam
1065 2000 1163 2036 dicat,
1182 1999 1235 2036 38,
1255 2004 1306 2037 52.
1329 1998 1356 2026 ei
1373 2005 1443 2036 gra-

299 2043 352 2072 tiae
368 2042 458 2078 aet-ee,
475 2044 560 2081 quod
575 2043 811 2082 rempublicam
827 2044 956 2083 privatis
971 2041 1182 2072 simultatibus
1206 2041 1361 2080 potiorem
1385 2040 1444 2069 ha-

299 2084 425 2121 buisset,
444 2093 494 2124 53.
518 2087 545 2115 ei
563 2094 662 2125 nupta
687 2087 791 2116 minor
806 2096 823 2116 e
838 2086 962 2116 duabus
977 2085 1118 2115 Africani
1132 2083 1269 2117 filiabus,
1289 2090 1338 2122 57.
1362 2082 1443 2119 ejus-

300 2128 375 2158 dem
389 2128 474 2157 aliud
490 2128 652 2158 decretum
669 2129 707 2158 de
725 2130 756 2159 L.
771 2129 933 2169 Scipione,
952 2128 1090 2159 Africani
1105 2127 1210 2164 fratre,
1225 2127 1276 2157 60.
1293 2127 1361 2164 ejus
1375 2134 1443 2155 ora-

300 2172 345 2200 tio
361 2171 399 2200 ad
417 2170 587 2209 collegam,
604 2172 769 2209 triumpho
788 2172 833 2202 M.
852 2172 953 2201 Fulvii
976 2180 1102 2201 moram
1124 2170 1323 2206 afferentem,
1342 2178 1394 2208 39,
1413 2174 1445 2208 5.

302 2221 425 2243 creatur
440 2215 584 2243 triumvir
601 2214 735 2243 coloniae
750 2214 957 2250 deducendae,
975 2221 1026 2254 55.
1049 2218 1246 2244 memoratur
1261 2212 1373 2247 aedilis,
1388 2219 1444 2250 40,

301 2265 355 2295 44.
371 2263 496 2294 praetor,
511 2257 686 2286 citeriorem
705 2257 894 2296 Hispaniam
908 2257 1045 2294 sortitur,
1059 2264 1110 2296 35.
1126 2256 1211 2296 capit
1225 2255 1398 2291 Mundam,
1413 2259 1446 2283 et

303 2299 493 2335 Certimam,
511 2299 614 2335 urbes,
630 2307 684 2339 47.
709 2300 807 2329 vincit
830 2299 1018 2335 Celtiberos,
1041 2299 1155 2339 eosque
1178 2299 1304 2337 subigit,
1320 2299 1374 2338 48.
1390 2306 1444 2337 49.

303 2347 334 2371 et
350 2348 401 2381 50.
426 2351 560 2382 magnas
582 2348 613 2372 et
636 2351 723 2372 anno
749 2342 898 2383 sequente
922 2343 956 2374 in
983 2342 1137 2384 Hispania
1159 2351 1206 2374 res
1225 2341 1319 2383 gerit,
1341 2349 1397 2381 41,
1412 2348 1445 2378 3.
