1572 2616
227 113 307 158 116
639 127 981 158 nomime-num

227 205 268 236 Q.
286 205 577 237 HORTENSIUS.
622 207 767 238 Dietator
782 209 942 239 seditionis
960 210 1104 241 sedandae
1117 211 1222 248 causa,
1239 221 1326 243 anno
1339 211 1417 252 46¹7.

224 246 343 288 Legem
359 249 397 279 de
413 249 582 289 plebiscitis
601 251 634 280 in
648 250 795 282 Esculeto
812 252 897 282 tulit.
942 253 1065 284 Plinius
1080 254 1162 285 libro
1174 256 1239 286 xvi.
1261 265 1308 287 10.
1343 255 1420 293 Gel-

224 291 288 323 lius
301 292 388 323 libror
399 303 451 323 xv.
472 300 522 330 27.
547 294 584 323 In
599 295 784 334 magistratu
801 302 948 326 mortuus
963 298 1014 327 est.
1044 297 1194 337 Epitoma
1209 299 1255 329 xi.

226 379 261 410 L.
279 379 560 411 HORTENSIUS
578 382 609 410 *.
634 380 761 419 Praetor,
778 390 865 411 anno
882 382 955 421 583.
980 382 1087 412 Livius
1104 382 1182 413 xliii.

229 463 271 494 9.
288 463 570 494 HORTENSIUS
587 463 622 494 L.
640 464 674 494 F.
691 463 762 494 *N
781 465 901 503 Augur.
937 465 1049 495 Cicero
1065 465 1097 494 in
1115 466 1224 497 Bruto.
1255 463 1425 498 Tribunus

227 506 375 538 militaris
391 506 476 536 bello
492 506 611 543 sociali,
629 516 715 536 anno
732 508 805 546 663.
841 507 952 538 Cicero
969 509 1001 537 in
1020 509 1126 539 Bruto.
1159 509 1275 539 AEdilis
1291 510 1423 548 curulis,

226 560 314 581 anno
332 551 406 588 678.
452 550 563 580 Cicero
580 550 618 580 de
633 550 757 580 Officiis
772 551 852 580 libro
867 551 899 581 ii.
944 551 1073 588 Praetor,
1089 561 1176 582 anno
1192 553 1265 582 681.
1310 553 1424 584 Cicero

227 594 354 624 afflone
370 594 484 633 prima.
531 593 651 624 Consul
674 603 751 624 cum
770 594 811 624 Q.
829 593 973 631 Caecilio,
990 604 1076 625 anno
1090 596 1164 634 684.
1210 595 1425 628 Caffiodorus.

228 637 341 668 Cicero
357 637 390 667 in
408 636 545 667 verrinis
561 636 751 668 afflonibus.
796 637 952 668 Summus
967 645 1083 674 orator,
1101 639 1225 668 senator
1239 639 1424 678 sapientissi-

227 691 317 719 πως,
342 680 612 721 praestantiffimus
639 681 730 718 civis,
759 688 906 711 mortuus
933 682 976 710 est
1004 681 1038 712 L.
1063 682 1187 719 Paullo,
1213 682 1250 713 C.
1269 682 1426 712 Marcello

230 734 314 755 coss.
358 724 472 755 Cicero
497 725 537 754 de
558 724 650 755 claris
673 724 868 755 Oratoribus.
915 724 1033 754 Caelius
1054 724 1135 754 libro
1153 725 1219 755 viii.
1263 726 1360 765 Epist.
1384 726 1426 756 ad

229 768 432 799 Ciceronem.
479 768 633 798 Meminit
655 768 777 798 Plinius
799 767 881 798 libro
896 778 928 798 x.
952 777 1003 798 20.
1031 767 1113 798 libro
1127 769 1194 799 xiv.
1215 778 1263 808 14.
1290 776 1322 799 et
1343 768 1427 800 libro

230 820 333 842 xxxv.
354 820 404 845 11·
439 811 625 842 Macrobius
641 812 770 843 Saturn.
788 811 890 842 tertio.
924 810 1114 842 Plutarchus
1130 812 1163 842 in
1180 811 1314 844 Catone.
1350 811 1429 842 Vel-

231 855 326 887 leius.
347 854 482 886 Gellius.
823 895 841 927 l

236 942 279 974 Q.
302 939 582 970 HORTENSIUS
608 939 650 970 Q.
667 940 701 970 F.
720 940 753 970 L.
771 940 815 970 N.
832 939 1043 971 ORTALUS.
1088 939 1205 970 Praetor
1227 940 1428 979 provinciam

234 983 465 1016 Macedoniam
479 983 630 1012 obtinuit.
652 983 843 1013 Plutarchus
859 985 891 1013 in
909 984 1017 1013 Bruto.
1040 983 1105 1012 Dio
1121 983 1176 1012 lib.
1190 982 1270 1013 xlvi.
1293 983 1344 1013 Ab
1360 984 1429 1012 An-

234 1028 325 1058 tonio
341 1027 409 1066 post
425 1035 569 1065 pugnam
592 1026 805 1065 Philippioam
831 1027 869 1055 ad
893 1027 993 1056 fratris
1016 1032 1270 1055 monumentum
1293 1026 1430 1056 occisus.

235 1070 426 1102 Plutarchus
441 1070 474 1098 in
490 1070 645 1099 Antonio.
677 1069 818 1099 Velleius
832 1069 912 1098 libro
929 1070 961 1099 ii.
997 1069 1146 1108 Epitoma
1162 1069 1271 1111 qxxiv.
1309 1069 1431 1099 Memi-

235 1114 286 1145 nit
302 1114 413 1144 Cicero
430 1112 468 1142 ad
485 1113 631 1142 Atticum
647 1112 748 1150 sexto,
765 1119 796 1143 et
811 1122 910 1142 nono.
935 1111 1076 1143 Valerius
1092 1111 1173 1142 libro
1188 1121 1219 1142 v.
1235 1121 1266 1149 9.

239 1200 289 1231 M.
315 1198 595 1229 HORTENSIUS
621 1199 662 1228 Q.
687 1198 721 1228 F.
742 1198 783 1228 Q.
805 1197 848 1227 N.
864 1196 1076 1227 ORTALUS.
1121 1196 1276 1226 Meminit
1296 1196 1433 1227 Tacitus

238 1243 321 1274 libro
338 1243 370 1272 ii.
408 1242 580 1272 Suetonius
596 1242 629 1271 in
644 1241 784 1272 Tiberio.
821 1240 965 1270 Valerius
980 1249 1051 1279 cap.
1069 1246 1099 1278 5.
1114 1239 1185 1269 libri
1201 1239 1282 1269 tertii
1299 1239 1432 1270 Corbio-

241 1295 323 1363 Perti,
327 1329 333 1335 ο
343 1284 495 1326 appellat,
511 1291 544 1316 et
567 1284 764 1323 diffolutum,
780 1283 953 1327 perditum,
968 1283 1146 1323 profusum,
1168 1288 1324 1323 nepotem
1341 1282 1432 1315 fuiffe

257 1338 302 1361 cn
327 1335 362 1364 it.
