1572 2616
450 195 828 229 ursa-onmium
864 198 1068 228 menos.
1276 198 1354 241 241

162 278 206 310 9.
223 278 383 319 Sulpicius
399 278 602 317 Camerinus,
618 279 768 310 tribunus
791 278 935 310 militurn
959 277 1119 309 consulari
1143 279 1309 319 potestate,
1326 286 1358 321 5,

209 322 239 352 8.
264 323 393 361 iterum,
413 333 425 353 1
455 345 463 353 .

163 363 206 395 Ω.
222 365 383 406 Sulpicius
398 332 540 406 chngus,
556 365 705 396 tribunus
721 364 865 396 militum
888 364 1045 396 consulari
1070 366 1238 406 potestate,
1255 372 1290 406 5,
1306 366 1359 406 36.

205 414 237 438 et
251 417 305 447 47.
323 410 493 449 paciscitur
507 417 586 439 cum
602 409 741 445 Brenno,
758 409 812 448 48.

162 450 230 481 Ser.
247 452 422 492 Sulpicius,
438 451 563 489 consul,
581 452 662 483 nihil
678 452 815 492 dignum
828 452 984 482 memoria
999 450 1076 492 agit,
1096 461 1127 490 2,
1147 461 1197 491 19·

163 493 230 524 Ser.
244 495 420 535 Sulpicius,
437 496 526 527 curio
541 496 720 533 maximus,
736 496 885 533 moritur,
905 504 936 534 3,
957 503 987 532 7.

164 537 230 568 Ser.
260 538 434 579 Sulpicius,
458 538 584 576 consul,
612 548 643 578 3,
675 548 724 569 10.
755 538 879 578 legatus
905 539 1046 569 mittitur
1075 539 1221 569 Athenas
1249 537 1363 578 legum

205 581 325 618 caussa,
344 592 396 621 3¹·
419 582 595 620 decemvir,
614 592 665 621 33.
681 581 804 621 legatus
820 582 859 612 ad
874 581 1069 620 exercitum,
1086 582 1142 622 qui
1157 583 1363 614 Aventinum

205 623 372 662 insederat,
391 634 442 666 50.
460 625 583 665 legatus
599 626 710 665 praeest
725 625 901 665 equitibus,
921 633 971 662 70.

162 664 229 697 Ser.
247 667 409 708 Sulpicius
425 669 616 699 Camerinus
639 668 750 699 consul
774 674 911 705 creatur,
928 675 960 709 5,
978 677 1030 708 29.
1054 668 1202 699 tribunus
1218 667 1364 700 militum

204 711 362 742 consulari
384 713 549 752 potestate,
576 722 630 751 32.
656 711 802 743 adversus
832 711 1013 753 Salpinates
1040 712 1262 753 proficiscitur,
1289 711 1363 743 ibid.

204 760 329 785 creatur
344 756 493 794 interrex,
509 755 542 793 6,
560 762 592 796 5.

163 794 228 826 Ser.
246 797 409 837 Sulpicius
424 799 628 835 Camerinus»,
643 797 769 835 consul,
787 805 819 836 7,
834 799 887 831 28.

165 838 230 870 Ser.
247 840 409 881 Sulpicius
430 841 548 879 Galba,
572 841 674 872 aedilis
698 841 832 879 eurulis,
850 849 904 879 27,
927 850 979 873 21.
1003 842 1043 872 ad
1065 841 1215 873 Attalum
1239 840 1366 882 legatus

209 884 361 922 mittitur,
380 894 432 924 29,
455 895 505 917 11.
528 885 687 925 pontifex,
705 894 759 925 30,
778 886 829 917 26.
853 885 1002 923 moritur,
1021 895 1075 924 32,
1095 892 1125 922 7.

166 924 232 956 Ser.
249 927 412 967 Sulpicius
436 928 552 965 Galba,
568 928 670 959 aedilis
694 927 824 962 curulis,
843 929 897 967 38,
917 936 969 968 35.
992 935 1121 969 praet0r‚
1137 929 1263 960 sortitur
1272 926 1368 967 juris-

207 969 382 1001 diffionem
397 971 571 1009 urbanam,
584 981 640 1011 42.
655 978 684 1001 e!
698 981 751 1012 39,
767 979 798 1012 5.
812 971 1003 1003 candidatus
1012 972 1210 1010 consulatus,
1222 982 1273 1011 32.
1290 970 1367 1001 iden

208 1013 330 1043 videtur
345 1012 411 1055 effi,
428 1014 480 1056 qui
489 1012 782 1057 proximesequitur.

165 1055 231 1086 Ser.
248 1057 411 1097 Sulpicius
427 1057 544 1095 Galba,
561 1057 711 1089 tribunus
727 1057 871 1089 militum
888 1058 1037 1089 secundae
1060 1057 1207 1098 legionis,
1223 1057 1368 1089 adversa-

211 1106 262 1129 tur
277 1100 404 1132 AEmilii
418 1101 519 1132 Paulli
537 1101 717 1141 triumpho,
734 1110 789 1141 45,
808 1108 859 1141 35.
875 1108 907 1131 et
925 1103 977 1139 36.

168 1143 232 1173 Ser.
251 1143 414 1183 Sulpicius
437 1144 554 1181 Rufus,
571 1143 720 1175 tribunus
750 1144 893 1174 militum
923 1143 1080 1175 consulari
1104 1144 1270 1183 potestate,
1287 1142 1319 1182 6,
1335 1153 1369 1185 4.

209 1186 339 1224 iterum,
363 1189 410 1218 18.
435 1187 580 1224 tertium,
598 1196 650 1218 21.

170 1229 238 1260 Ser.
255 1229 432 1269 Sulpicius,
448 1230 596 1261 tribunus
609 1229 753 1261 militum
770 1229 929 1261 consulari
945 1230 1112 1271 potestate,
1124 1231 1156 1267 6,
1172 1240 1223 1262 22.
1236 1230 1369 1267 iterum,

214 1281 264 1309 32.
290 1274 401 1313 recipit
414 1273 610 1310 Tusculum,
629 1282 682 1312 33.
713 1274 847 1304 duxerat
870 1273 1030 1313 majorem
1047 1273 1096 1303 M.
1115 1273 1202 1304 Fabii
1219 1273 1370 1306 Ambusti

212 1315 329 1352 filiam,
355 1325 409 1357 34.
430 1316 579 1348 tribunus
603 1316 748 1347 militum
778 1316 935 1348 consulari
966 1317 1119 1357 potestate
1148 1317 1293 1355 tertium,
1319 1317 1371 1356 3⁶·

209 1365 375 1397 quartum,
391 1361 444 1398 38.

171 1401 325 1439 Sunium,
344 1403 396 1439 28,
416 1402 446 1432 8.
471 1411 525 1440 31,
545 1412 596 1433 22.
619 1402 738 1433 Atticae
753 1409 843 1434 terrae
855 1403 1128 1443 promontorium,
1146 1412 1200 1442 32,
1219 1410 1270 1441 17.

165 1444 410 1482 Suovetaurilia,
429 1452 460 1481 1,
477 1454 533 1484 44.
551 1447 584 1481 8,
604 1454 654 1475 10.

167 1487 330 1527 Superbus
345 1497 402 1519 cur
417 1487 520 1518 dietus
534 1487 746 1527 Tarquinius,
767 1497 798 1525 1,
813 1497 869 1529 49.

165 1530 349 1570 Superstitio
364 1538 497 1562 externa
512 1530 656 1571 repreffa,
673 1541 708 1572 4,
727 1541 779 1570 30.
795 1531 866 1562 vid.
883 1530 1021 1571 Religio.

169 1573 355 1614 Supplicare
371 1575 528 1611 coronati,
542 1581 574 1605 et
590 1574 733 1605 lauream
747 1575 779 1605 in
795 1583 896 1606 manu
913 1582 1072 1614 tenentes,
1082 1573 1240 1614 jubentur
1255 1583 1370 1607 omnes

210 1617 384 1649 duodecim
399 1619 493 1649 annis
510 1617 656 1656 majores,
673 1627 729 1658 40,
749 1626 802 1658 37.

166 1659 426 1700 Supplicationes
441 1661 481 1691 ad
497 1662 609 1692 omnia
624 1661 771 1698 delubra,
789 1671 821 1700 3,
839 1669 870 1700 7.

164 1719 208 1726 -
223 1704 363 1734 duorum
376 1703 550 1735 consulum
566 1705 702 1735 nomine
718 1705 751 1735 in
768 1714 874 1736 unum
890 1704 991 1743 diem,
1009 1704 1062 1744 63.

166 1762 209 1768 --
226 1747 256 1776 in
274 1748 493 1786 quatriduum,
512 1755 544 1788 5,
561 1757 612 1786 23.

167 1805 211 1812 —
227 1789 268 1819 ob
284 1799 351 1820 rem
366 1790 449 1820 bene
463 1792 583 1830 gestam
599 1791 746 1821 adversus
760 1790 935 1827 Samnites,
956 1800 1008 1828 10,
1027 1800 1079 1822 21.

166 1848 209 1854 —
225 1832 257 1861 in
274 1832 427 1870 biduum,
441 1834 659 1872 prodigiorum
676 1834 992 1864 averruncandorum
1010 1832 1131 1871 cauffa,
1151 1843 1203 1874 23.

168 1874 368 1915 Supplicatio
385 1885 439 1915 per
456 1885 561 1906 unum
578 1875 665 1906 diem
681 1876 868 1915 AEsculapio
884 1876 1008 1914 habita,
1028 1886 1081 1915 ro,
1098 1883 1153 1917 47.

170 1934 215 1942 —
230 1918 304 1948 belli
320 1918 589 1958 Carthaginiensis
613 1919 730 1956 cauffa,
750 1929 803 1956 21,
827 1927 874 1957 17.
900 1930 954 1957 22,
975 1929 1024 1950 10.

166 1977 210 1984 ·—-
226 1970 280 2000 per
296 1962 439 1992 triduum
455 1962 494 1991 ad
510 1962 622 1992 omnia
639 1962 832 2001 pulvinaria,
849 1973 901 1998 22,
921 1972 949 1993 1.

165 2020 209 2027 —
226 2005 374 2035 Fortunae
392 2006 424 2035 in
440 2004 569 2044 Algido,
586 2014 640 2042 21,
658 2006 712 2036 62.
735 2005 776 2034 ad
790 2006 894 2035 aedem
913 2005 1077 2043 Herculis,
1093 2005 1169 2036 ibid.

166 2047 425 2087 Supplicationes
448 2048 602 2078 omnibus
623 2048 708 2086 Diis,
725 2057 866 2088 quorum
891 2048 1072 2088 pulvinaria
1087 2049 1203 2081 Romae
1219 2047 1305 2088 sunt,
1321 2050 1371 2080 in-

211 2089 316 2127 diane,
334 2101 386 2130 24,
408 2100 457 2121 10.

168 2148 211 2156 --
226 2133 266 2162 ad
283 2135 395 2164 omnia
407 2133 550 2172 delubra,
570 2143 622 2173 24,
642 2143 653 2164 1
665 2144 692 2164 1.

168 2191 211 2198 -
227 2176 266 2205 ad
282 2177 394 2206 omnia
411 2177 602 2216 pulvinaria,
619 2184 673 2214 27,
689 2186 721 2216 4.
739 2183 767 2207 et
784 2186 833 2207 ιι.
851 2176 918 2207 vid.
936 2183 964 2207 et
982 2185 1034 2217 25,
1053 2184 1084 2214 7.

170 2219 259 2248 -in
277 2228 380 2249 unum
397 2221 497 2257 diem,
517 2230 570 2257 27,
591 2227 620 2256 7.
635 2228 666 2250 et
683 2229 735 2258 37.

170 2277 213 2284 —
230 2271 283 2301 per
296 2263 453 2301 compita,
469 2269 536 2293 tota
553 2263 641 2299 urbe,
660 2270 713 2299 27,
733 2272 785 2302 23.

168 2321 211 2326 —
229 2305 260 2334 in
276 2304 418 2335 triduum
432 2305 598 2336 celebratae
614 2316 633 2336 a
648 2307 722 2337 viris
738 2306 941 2345 feminisque,
963 2314 1013 2344 27,
1033 2312 1084 2346 5ι.

170 2363 213 2370 --
230 2349 261 2377 in
279 2348 501 2386 quatriduum,
519 2358 572 2387 29,
594 2358 643 2388 14.
670 2358 724 2388 30,
753 2359 780 2379 1.
796 2355 828 2379 et
845 2357 894 2386 17.

169 2407 211 2413 —
226 2400 280 2429 per
295 2392 440 2430 quinque
453 2391 532 2426 dies,
551 2401 604 2430 30,
623 2399 674 2422 21.

168 2449 211 2456 —-
227 2434 259 2463 in
273 2434 416 2464 triduum
432 2434 474 2464 ob
489 2433 611 2465 vietum
628 2434 840 2473 Annibalem,
857 2444 909 2473 30,
926 2444 976 2474 4ο.

210 2475 262 2506 Vo
269 2486 298 2508 1..
310 2477 346 2507 V.
738 2478 776 2509 M
