1572 2616
463 132 833 163 HISTORIARUM
871 132 1073 162 LIBROS.
1306 134 1363 178 39

748 393 786 424 C.

173 486 329 535 CACUS
345 503 466 537 aversos
479 505 577 536 boves
592 504 743 536 Herculis
763 505 873 536 caudis
896 506 929 536 in
948 503 1137 546 speluncam
1153 506 1261 544 trahit,
1279 511 1309 537 et
1324 506 1366 536 ab

216 548 272 578 illo
284 550 454 585 occiditur,
475 559 504 586 1,
524 556 552 586 7.

171 588 333 622 Cadavera
349 593 381 622 in
397 594 479 632 peste
497 602 552 632 per
566 593 632 623 vias
648 591 762 623 Romae
774 591 929 630 jacentia,
945 602 1000 633 41,
1020 593 1071 624 26.

171 633 334 672 Caddusii,
348 636 473 675 populi,
490 644 543 675 35,
560 637 613 675 48.

171 676 370 708 eaduceator
385 679 424 709 ab
444 679 614 709 Asdrubale
631 679 671 709 ad
683 679 848 709 Neronem
872 678 995 716 missus,
1020 680 1073 716 26,
1101 686 1150 715 17.
1174 688 1192 709 a
1215 679 1365 719 Philippo

215 721 256 750 ad
271 721 449 758 Romanos,
472 731 524 761 31,
549 723 601 761 38.
624 731 674 761 32,
702 732 753 760 32.
779 731 833 761 33,
862 732 911 752 ιι.
938 722 979 752 ab
1008 723 1170 752 Antiocho
1186 723 1226 752 ad
1242 723 1366 762 Scipio-

215 773 306 801 nem,
324 774 378 803 37,
399 772 452 804 45-

171 805 360 837 Caduceum
377 808 575 847 praeferentes
591 807 714 839 dedunt
730 807 759 838 se
775 807 983 846 Privernates,
998 808 1030 845 8,
1045 818 1097 840 ιο.

173 849 324 880 Caeeilius
339 851 459 888 Bassus,
475 851 557 891 Epit.
579 861 589 881 1
601 861 649 891 14.

173 892 324 923 Caecilius
341 894 453 931 Pinna,
467 895 550 934 Epit.
569 895 620 931 76.

173 936 211 965 A.
227 936 388 974 Caecilius,
401 937 502 967 aedilis
514 937 625 977 plebis,
641 938 692 976 38,
709 944 760 978 35.

173 978 209 1009 L.
222 979 372 1010 Caecilius
388 981 520 1016 Denter,
533 988 647 1020 praetor
662 988 797 1017 creatur,
811 990 864 1021 39,
882 981 933 1020 56.
950 979 1076 1010 sortitur
1092 979 1250 1017 Siciliam,
1264 990 1316 1020 40,
1336 990 1366 1011 1.

172 1022 208 1052 L.
235 1022 383 1053 Caecilius
407 1023 572 1061 Metellus,
593 1023 702 1054 auctor
724 1024 901 1053 deserendae
931 1023 1032 1054 Italiae
1063 1025 1130 1063 post
1162 1024 1365 1054 Cannensem

216 1064 356 1103 cladem,
375 1076 427 1105 22,
445 1075 496 1107 53.
515 1068 662 1106 quaestor,
685 1073 813 1096 notatur
829 1076 847 1096 a
863 1066 1059 1105 censoribus,
1077 1077 1130 1106 24,
1154 1069 1202 1097 18.
1218 1067 1367 1098 tribunus

239 1108 329 1145 lebis,
393 1131 401 1139 .

173 1118 545 1183 Lfbaeciliiffflwetellus
556 1152 724 1182 Dalmatas
741 1152 870 1191 subigit,
886 1153 971 1192 Epit.
989 1153 1041 1184 62.

173 1195 222 1225 M.
240 1194 388 1225 Caecilius
405 1195 530 1236 praefuit
545 1195 725 1235 legionibus
749 1197 781 1225 in
805 1197 945 1226 exercitu
970 1196 1002 1226 L.
1022 1196 1106 1226 Furii
1129 1195 1274 1226 adversus
1291 1195 1369 1226 Gal-

216 1237 276 1274 los,
294 1248 347 1276 31,
366 1249 417 1269 21.

175 1280 223 1310 M.
242 1281 404 1319 Caecilius,
422 1282 582 1312 decemvir
599 1291 672 1321 agro
689 1282 878 1319 dividunde,
900 1292 956 1322 42,
978 1293 1009 1323 4.
1028 1281 1150 1322 legatus
1166 1282 1206 1312 ad
1221 1282 1366 1312 frumen-

217 1330 288 1354 tum
305 1326 522 1355 coemendum
539 1327 571 1354 in
588 1326 741 1364 Apuliam
759 1326 909 1362 mittitur,
928 1334 980 1363 27.

174 1367 224 1398 M.
238 1367 387 1398 Caecilius
410 1369 544 1405 Denter,
569 1368 692 1407 legatus
721 1369 753 1398 in
783 1368 1012 1398 Macedoniam
1029 1375 1060 1398 et
1084 1369 1124 1398 ad
1152 1367 1366 1399 Ptolemaeum

217 1410 349 1449 AEgypti
367 1420 487 1450 regem,
503 1421 558 1450 42,
577 1413 606 1440 6.

174 1452 224 1483 Μ.
240 1453 388 1483 Caecilius
403 1454 566 1490 Metellus,
590 1453 691 1484 aedilis
714 1454 827 1494 plebis,
852 1461 905 1491 27,
929 1454 981 1493 36.
1006 1460 1120 1493 praetor
1142 1453 1297 1492 urbanus,
1316 1454 1367 1488 28,

222 1505 270 1526 10.
287 1496 326 1525 ad
344 1497 489 1527 Attalum
507 1497 641 1536 legatus,
661 1506 712 1536 29,
734 1507 744 1527 1
757 1507 782 1527 1.

176 1539 216 1569 Q.
231 1539 391 1576 Caeeilius‚
409 1541 555 1570 tribunus
573 1540 685 1579 plebis,
698 1550 731 1579 4,
754 1541 801 1569 16.

177 1582 219 1612 Θ.
236 1582 384 1612 Caecilius
399 1583 561 1619 Metellus,
578 1584 735 1622 pontifex,
756 1593 807 1621 23,
824 1593 874 1614 21.
892 1582 993 1613 aedilis
1010 1582 1165 1622 plebeius,
1184 1591 1235 1621 27,
1255 1593 1305 1614 21.
1324 1593 1369 1614 ae-

218 1625 289 1654 dilis
306 1626 438 1663 curulis,
467 1628 518 1665 36.
544 1626 677 1665 legatuS‚
704 1636 754 1666 51.
781 1633 809 1655 et
835 1628 888 1663 28,
911 1637 941 1666 9.
970 1627 1116 1666 magister
1135 1627 1296 1665 equitum,
1317 1637 1368 1657 10.

221 1668 345 1706 consul,
363 1669 434 1699 ibid.
451 1669 632 1708 proconsul,
657 1677 710 1709 45.
734 1669 879 1705 difflator,
904 1679 956 1709 29,
984 1679 1033 1699 ιι.
1057 1670 1219 1699 decemvir
1231 1679 1305 1710 agro
1321 1671 1370 1700 ‹li-

218 1711 373 1748 vidundo,
391 1722 442 1751 31,
458 1723 490 1751 4.
506 1713 685 1742 adversatur
701 1713 734 1742 L.
751 1712 899 1742 Cornelio
922 1712 1059 1749 consuli,
1084 1713 1289 1752 triumphurn
1314 1722 1369 1752 pe-

220 1756 313 1791 tenti,
331 1763 382 1795 35,
397 1757 427 1786 8.
444 1757 484 1785 ad
506 1755 749 1795 disceptandum
774 1756 854 1785 inter
877 1755 1061 1794 Philippum
1079 1762 1110 1785 ct
1126 1756 1307 1793 Eumenem
1325 1755 1370 1786 le-

221 1805 312 1837 gatus
327 1799 448 1835 missus,
466 1809 520 1838 39,
536 1808 586 1838 24.
605 1799 773 1828 renunciat
795 1797 1002 1838 legationem,
1019 1807 1069 1837 33.
1087 1798 1155 1836 ejus
1172 1799 1211 1828 ad
1224 1799 1368 1829 censores

222 1841 334 1877 oratio,
351 1851 406 1880 40,
424 1844 476 1880 46.

180 1883 221 1913 Q,
238 1883 387 1914 Caecilius
413 1884 577 1922 Metellus,
600 1885 739 1914 nuncius
761 1883 899 1914 vic'toriae
924 1884 963 1913 de
991 1883 1111 1922 Perseo,
1138 1884 1276 1914 mittitur
1303 1884 1370 1915 Ro-

222 1936 324 1962 mam,
342 1937 396 1966 44,
411 1935 465 1967 45.
485 1928 553 1957 Vid.
571 1934 597 1956 et
616 1928 696 1967 Epit.
714 1936 763 1967 50.
783 1936 835 1967 53.
852 1930 904 1966 65.

176 1969 215 1999 T.
233 1970 393 2007 Caecilius,
411 1971 492 2000 inter
507 1971 627 2009 primos
649 1970 793 2000 tribunos
820 1971 961 2000 rnilitum
985 1969 1139 2000 consulari
1158 1971 1320 2009 potestate,
1336 1982 1368 2011 4,

222 2020 249 2049 7.
269 2013 318 2042 sed
335 2014 402 2051 lege
418 2014 450 2043 T.
470 2013 602 2044 Cloelius.

177 2055 348 2093 Caedicius,
363 2057 520 2092 centurio,
539 2065 570 2096 5,
594 2063 646 2095 45.
665 2063 692 2085 e!
707 2058 760 2095 46.

177 2098 212 2127 L.
230 2099 400 2136 Caedicius‚
415 2100 560 2129 tribunus
576 2100 689 2139 plebis,
705 2100 792 2129 diem
808 2099 884 2129 dicit
902 2099 954 2138 Sp.
971 2098 1116 2136 Servilio,
1135 2110 1165 2135 2,
1185 2108 1235 2139 52.

179 2140 228 2171 M.
242 2141 399 2172 Caedicius
416 2143 504 2172 audit
520 2142 642 2172 silentio
659 2143 759 2173 noctis
779 2151 892 2172 vocem
913 2143 1079 2173 clariorem
1097 2144 1243 2172 humana
1259 2141 1297 2172 de
1314 2142 1370 2172 ad-

219 2191 317 2214 ventu
335 2185 515 2221 Gallorum,
532 2194 563 2225 5,
580 2194 630 2224 32.

178 2226 384 2263 Caelius,vid.
400 2228 530 2259 Coelius.

182 2269 286 2306 Caeni,
300 2271 447 2301 Thraciae
461 2271 583 2311 populi,
604 2273 655 2310 38,
672 2281 724 2311 40.

182 2311 384 2344 Caeninenses
404 2314 544 2344 Romam
569 2315 607 2345 ad
631 2315 722 2344 ludos
747 2314 1002 2354 proficiscuntur,
1025 2325 1053 2353 1,
1070 2326 1099 2356 9.
1116 2314 1239 2346 bellum
1257 2320 1370 2355 parant

225 2354 265 2385 ob
284 2363 408 2396 raptum
424 2358 575 2396 filiarum,
597 2367 644 2389 10.
661 2359 848 2397 vincuntur,
873 2358 944 2389 ibid.
