1572 2616
447 134 705 163 PATRICIAE
742 132 960 162 GENTES.
1244 134 1296 176 31

398 345 758 388 ΑΝΤΟΝῙΑ
811 346 1025 388 GENS.

113 671 438 727 ANTONIAM
463 698 617 739 gentem
637 690 899 738 antiquitatem
920 689 973 726 sui
994 689 1139 739 generis
1158 687 1204 724 ad
1222 687 1306 724 An-

113 759 243 788 tonem
272 753 448 792 Herculis
476 755 599 792 filium
633 754 795 792 retulifl'e
830 755 957 791 au&or
985 754 1036 790 est
1072 755 1109 789 in
1138 754 1307 789 Antonio

114 815 356 856 Plutarchus:
389 820 490 868 qnod
510 820 631 869 ipsum
659 819 757 868 apud
783 820 1017 868 Appianum,
1038 819 1132 855 libro
1160 817 1207 854 de
1227 816 1308 854 bel·

115 881 160 916 lis
191 883 360 920 civilibus
387 885 510 928 tertio,
533 884 590 920 his
609 885 730 921 verbis
751 883 950 921 confirmat
974 883 1190 932 Augustus;
1227 881 1308 918 Ad-

113 947 280 997 optasset,
302 949 437 997 inquit,
460 957 497 984 te
526 948 663 993 Caesar,
685 949 843 990 Antoni,
863 948 889 984 fi
917 947 1070 984 scivisset
1099 959 1209 995 aequo
1229 946 1308 982 ani·

115 1024 180 1049 mo
210 1025 259 1049 ex
292 1012 578 1048 Heraclidarnm
609 1020 721 1062 gente
759 1012 999 1049 tranfiturum
1027 1012 1072 1047 ad
1102 1011 1307 1048 AEneadas.

120 1076 292 1113 Secunda
305 1076 386 1112 haec
402 1077 656 1126 Aboriginum
674 1077 824 1125 patricia
844 1089 936 1125 gens
956 1076 1021 1119 est,
1038 1087 1108 1111 nec
1127 1081 1310 1123 praeterea

113 1139 232 1177 ullam
251 1140 349 1189 apud
369 1142 540 1189 antiquos
569 1142 728 1189 reperio.
786 1141 953 1177 Familiae
974 1152 1062 1176 vero
1082 1138 1195 1187 hujus
1214 1150 1307 1187 gen-

113 1204 158 1240 tis
177 1204 262 1240 duae
284 1203 366 1241 sunt
385 1219 392 1240 ε
428 1217 514 1248 nna,
536 1205 833 1241 Merendarum:
857 1206 985 1248 altera,
1008 1204 1108 1253 quod
1130 1203 1308 1253 equidem

115 1266 243 1312 sciam,
265 1269 491 1317 cognomine
512 1276 638 1304 caret:
670 1269 771 1317 quod
799 1270 837 1305 in
866 1269 943 1304 aliis
972 1280 1124 1317 qnoque
1158 1267 1310 1303 familiis

112 1333 408 1369 animadvertere
429 1333 529 1369 licet.
573 1334 756 1370 Quamvis
775 1335 879 1370 enim
907 1333 954 1369 M
990 1332 1203 1369 Antonium
1221 1332 1310 1368 Tri-

113 1397 248 1433 umviri
269 1406 428 1445 patrem,
451 1397 682 1440 Plutarchus,
702 1397 869 1433 Velleius
889 1406 927 1433 et
955 1397 1013 1433 alii
1030 1398 1224 1433 Creticum
1243 1408 1311 1445 ap·

113 1461 297 1510 pellatam
326 1461 498 1504 scribant,
522 1461 603 1498 satis
633 1469 757 1498 tamen
788 1462 943 1504 constat,
973 1474 1184 1511 cognomen
1214 1460 1309 1497 illud

113 1537 236 1574 neque
256 1533 451 1574 receptum
472 1525 559 1569 effe,
584 1538 706 1574 neque
721 1526 939 1575 usurpatum
959 1538 978 1562 a
999 1526 1163 1574 posteris.
1211 1526 1309 1562 Haec

114 1597 241 1626 autem
263 1590 440 1638 posterior
459 1590 636 1626 Antoniae
656 1591 776 1639 gentis
796 1590 934 1626 familia
957 1590 1101 1638 plebeia
1118 1589 1181 1626 est.
1220 1590 1308 1625 Tri-

114 1653 298 1689 bunatum
324 1654 427 1689 enim
457 1653 575 1702 plebis
596 1654 654 1690 M.
685 1654 895 1691 Antonium
923 1654 1061 1703 gestisse
1092 1653 1308 1690 Plutarchus

113 1715 263 1753 scribit:
295 1725 334 1753 et
364 1718 411 1754 C.
437 1718 661 1760 Antonium,
679 1718 870 1755 Ciceronis
902 1719 937 1754 in
967 1718 1160 1755 consulatu
1190 1718 1307 1754 colle·

114 1793 216 1831 gam,
241 1781 433 1818 Paedianus
462 1773 570 1819 in'ea
598 1791 727 1818 contra
751 1782 964 1825 Catilinam)
989 1782 1180 1831 plebeium
1201 1782 1309 1818 nobi-

115 1846 193 1883 lem
213 1845 387 1894 appellat.
454 1845 538 1884 Nos
567 1846 631 1882 has
649 1846 806 1883 familias
826 1845 1107 1896 conjunximuS,
1130 1847 1309 1895 qnoniam

115 1921 235 1947 unum
256 1909 497 1958 eundemque
517 1918 642 1946 ortum
663 1911 816 1953 habent,
838 1919 875 1946 et
905 1918 1082 1959 tanquam
1104 1921 1152 1946 ex
1172 1910 1308 1948 eodem

117 1973 221 2010 fonte
240 1972 443 2011 fluxerunt.
486 1974 581 2011 Fieri
601 1975 703 2011 enim
726 1974 835 2011 facile
851 1975 986 2023 potuit,
1010 1982 1049 2011 ut
1069 1973 1152 2010 haec
1169 1973 1309 2011 familia

117 2038 162 2074 ad
180 2037 330 2087 plebem
351 2038 544 2082 transterit,
567 2046 607 2075 ut
628 2039 796 2082 octavia,
814 2046 852 2075 et
872 2039 954 2076 aliae
970 2037 1200 2088 complure&
