1572 2616
224 189 307 242 184
565 201 729 230 INDEX
771 200 829 229 IN
867 201 912 229 T.
937 201 1071 231 mvn

258 290 395 323 19—-23,
418 279 486 317 ejus
509 290 631 311 nomen
656 282 688 310 in
711 280 850 311 comitiis
867 281 1059 319 Argivorum
1082 280 1251 311 recitatum
1267 283 1334 321 post
1349 282 1405 313 Jo-

254 334 345 361 vem,
361 323 561 363 Apollinem,
580 330 610 354 et
627 323 815 360 Herculem,
834 331 884 363 25.
903 325 970 359 ejus
990 324 1136 363 praefee‘io
1152 324 1286 354 Philocli
1303 325 1405 364 Argos

255 369 411 407 proditur,
429 366 501 396 ibid.
524 367 592 403 ejus
614 376 692 396 cum
720 366 856 396 Quintio
877 367 1008 396 consule
1032 367 1246 406 colloquium,
1265 368 1405 406 32—36.

255 410 422 449 Philippus
445 410 584 439 dicacior
609 417 687 444 erat,
712 419 808 447 quam
836 419 941 447 regem
964 410 1067 445 decet,
1086 420 1135 449 34.
1153 411 1219 441 vid.
1235 416 1264 439 et
1281 412 1334 448 36,
1356 420 1404 450 14.

256 454 334 492 petit
351 463 369 482 a
387 453 533 488 Quintio,
562 461 596 481 ut
620 452 738 490 legatos
755 452 896 482 Romam
923 453 1046 482 mittere
1070 453 1175 489 liceat,
1195 463 1247 491 32,
1266 454 1317 492 36.
1342 453 1404 483 irn-

256 503 357 535 petrat
387 495 530 524 inducias
548 496 580 524 in
597 495 676 524 duos
692 496 827 531 menses,
844 495 916 525 ibid.
940 495 1007 532 ejus
1029 495 1135 534 legati,
1154 505 1185 525 re
1202 496 1329 532 infecita,
1346 496 1408 529 disq

256 540 374 569 cedunt
391 538 507 573 Roma,
524 546 573 576 37.
598 538 700 567 foedus
718 538 792 567 facit
816 547 893 567 cum
916 538 1054 576 Nabide,
1072 539 1121 577 38.
1146 540 1338 578 Argivorum
1354 548 1408 568 ur-

256 582 331 611 bem
349 581 548 610 fiduciariam
567 581 682 610 Nabidi
701 581 807 617 tradit,
823 580 895 610 ibid.
911 581 1028 622 etseqq.

299 625 368 661 ejus
390 631 572 662 apparatus,
598 633 650 662 33,
677 633 705 661 3.
730 623 769 652 ad
794 632 871 653 eum
900 625 1064 653 contendit
1089 624 1256 660 Quintius,
1280 623 1405 660 consul,

257 666 328 697 ibid.
352 668 519 706 copiarum
545 666 681 706 Philippi
709 675 876 702 numerus,
892 676 924 705 4.
949 668 1046 696 castra
1072 668 1162 705 ponit
1185 668 1223 696 ad
1247 666 1405 706 Cynosce-

256 709 380 748 phalas,
400 718 430 746 7.
454 709 617 748 proelium,
641 718 707 748 quo
730 709 880 745 vincitur,
904 719 1012 745 7—10.
1039 710 1282 739 caduceatorem
1307 710 1406 738 mittit

257 754 295 782 ad
313 753 486 785 Romanos,
511 761 556 781 11.
581 753 607 781 ei
633 752 770 781 induciae
793 752 978 790 quindecim
1005 752 1128 782 dierum
1152 753 1245 789 datan,
1267 761 1316 782 12.
1340 751 1406 781 col-

255 796 405 834 loquium
429 795 468 824 ad
491 795 627 833 Tempe,
648 803 696 832 13.
721 795 808 833 pacis
832 794 915 833 leges
941 804 1017 823 cum
1042 795 1201 834 Philippo,
1219 795 1289 824 ibid.
1309 801 1336 823 et
1353 803 1404 833 30.

259 839 352 868 caedit
368 838 548 873 Dardanos,
568 848 615 877 19.
641 847 702 876 pax
719 847 796 867 curn
813 847 851 866 eo
864 847 882 866 a
899 837 1017 876 populo
1030 837 1125 875 jussa,
1144 846 1194 876 25.

300 881 338 910 de
355 890 392 910 eo
410 881 587 918 triumphat
607 880 773 915 Quintius,
792 889 844 919 34,
862 888 913 919 52.
937 880 1134 916 Demetrius,
1151 881 1219 918 ejus
1236 879 1334 918 filius,
1348 880 1404 909 ob-

258 924 302 952 ses
319 931 392 952 ante
408 933 536 952 currum
557 924 784 961 triumphantis
800 923 925 959 dubius,
944 923 1014 951 ibid.

300 976 376 996 eum
394 967 431 995 ad
449 966 573 996 bellum
590 967 810 995 renovandum
829 966 963 994 incitant
981 965 1093 1001 AEroli,
1111 973 1163 1005 35,
1183 975 1231 995 12.

293 1009 417 1048 ‘legatos
434 1008 573 1038 Romam
591 1010 702 1043 mittit,
719 1008 904 1047 pollicentes
921 1008 1076 1038 Romanis
1092 1008 1211 1037 auxilia
1225 1008 1262 1037 ad
1280 1006 1403 1037 bellum

256 1052 401 1081 adversus
418 1052 633 1087 Antiochum,
654 1053 705 1089 36,
722 1061 753 1090 4.
778 1060 881 1090 quum
897 1051 1059 1080 fortunam
1076 1051 1226 1090 speculari
1244 1051 1275 1079 in
1293 1050 1403 1080 animo

258 1095 400 1129 haberet,
418 1094 554 1123 offensus
570 1094 609 1123 ab
627 1095 803 1131 Antiocho,
823 1093 969 1132 sejungit
996 1094 1161 1128 Romanis,
1179 1094 1208 1123 8.
1234 1093 1403 1131 proficisci-

256 1144 307 1167 tur
330 1138 362 1166 in
385 1136 593 1173 Thefl'ali‘arn,
615 1146 663 1174 ¹3.
691 1137 777 1176 capit
799 1137 952 1175 quasdam
976 1137 1083 1173 urbes,
1107 1136 1177 1165 ibid.
1206 1137 1403 1165 Athamania

258 1181 387 1219 potitur,
409 1190 457 1219 14.
480 1180 520 1209 ab
537 1180 778 1218 oppugnatione
802 1180 922 1208 Lamiae
943 1179 1035 1216 jubet
1058 1188 1133 1208 eum
1158 1179 1313 1208 discedere
1327 1179 1404 1208 Aci-

256 1224 331 1259 lius,
348 1221 471 1258 consul,
489 1229 540 1261 25.
564 1222 742 1251 Demetrias
760 1222 788 1251 se
803 1222 951 1261 Philippo
967 1222 1064 1257 dedit,
1082 1231 1132 1259 33.

300 1267 451 1295 exercitui
480 1265 641 1300 Romano,
666 1274 720 1304 per
746 1264 825 1294 fines
854 1265 922 1294 suos
952 1264 1137 1301 transeunti,
1163 1264 1273 1293 omnia
1301 1269 1401 1302 parat,

260 1317 311 1347 37,
328 1317 356 1344 7·

301 1353 368 1388 ejus
393 1350 534 1390 praesidia
557 1349 762 1388 expelluntur
786 1350 995 1385 Athamania,
1014 1351 1067 1388 38,
1088 1359 1115 1379 1.
1139 1347 1312 1388 ingreditur
1327 1358 1404 1379 cum

256 1397 398 1424 exercitu
415 1393 660 1428 Athamaniam,
680 1402 708 1423 2.
734 1393 905 1432 repellitur,
923 1392 993 1422 ibid.

302 1437 414 1467 cauffae
432 1438 548 1465 irarum
566 1435 632 1472 ejus
650 1437 681 1465 in
701 1436 880 1472 Romanos,
899 1446 951 1475 39,
972 1446 1021 1474 23.
1046 1434 1167 1474 colligit
1182 1434 1273 1470 vires,
1292 1444 1342 1472 24.
1365 1434 1403 1464 de

257 1491 295 1511 eo
310 1479 532 1510 Thessalorum
548 1478 749 1517 aliorumque
764 1478 914 1517 querelae,
931 1478 1002 1507 ibid.
1027 1477 1119 1516 legati
1137 1477 1241 1507 Roma
1265 1476 1346 1506 miffi
1362 1477 1401 1506 ad

257 1533 308 1561 eas
325 1522 549 1553 controversias
561 1521 792 1560 disceptandas,
809 1522 880 1551 ibid.
905 1521 1070 1560 Philippus
1087 1520 1250 1558 respondet
1266 1520 1403 1558 querelis

254 1565 491 1602 Thessalorum,
508 1565 558 1594 26.
582 1565 650 1601 ejus
668 1564 779 1593 minax
795 1564 930 1600 difflum,
949 1563 1019 1592 ibid.
1044 1563 1208 1602 respondet
1226 1563 1403 1592 Maronita-

256 1619 329 1639 rum
345 1616 374 1639 et
394 1608 545 1637 Eumenis
563 1606 685 1645 legatis,
703 1608 754 1637 28.
778 1608 907 1637 animus
923 1607 990 1644 ejus
1006 1606 1161 1636 alienatus
1177 1606 1216 1634 ab
1232 1605 1401 1641 Romanis,

257 1652 328 1681 ibid.
358 1651 533 1680 Maronitas
559 1649 726 1679 crudeliter
752 1650 900 1687 trucidat,
927 1659 977 1688 34.
1006 1649 1045 1678 ad
1073 1648 1237 1686 purganda
1264 1648 1401 1677 crimina

257 1696 356 1724 mittit
378 1693 595 1727 Demetrium,
621 1693 779 1722 minorem
805 1691 922 1728 filium,
940 1692 1092 1727 Romam,
1112 1700 1162 1730 35.
1185 1690 1331 1720 sollicitat
1347 1698 1401 1719 ac-

256 1738 342 1767 colas
371 1737 434 1766 lstri
462 1735 619 1771 fluminis,
646 1742 679 1765 ut
706 1735 738 1764 in
763 1735 889 1764 Italiam
914 1736 1103 1773 irrumpant,
1120 1733 1190 1763 ibid.
1214 1734 1400 1763 Demetrius

257 1788 381 1820 patrem
397 1779 547 1811 defendit,
561 1785 614 1817 47.

302 1823 497 1853 Macedonas
517 1831 533 1851 e
551 1820 719 1850 maritimis
736 1820 916 1850 civitatibus
942 1821 975 1850 in
999 1819 1164 1849 Poeoniam
1192 1818 1341 1855 traducit,
1370 1823 1402 1848 et

255 1866 347 1897 urbes
362 1865 542 1894 Thracibus
558 1863 689 1902 aliisque
713 1863 852 1893 barbaris
876 1863 968 1893 tradit
987 1862 1188 1898 habitandas,
1205 1871 1259 1900 40,
1280 1870 1306 1898 3.
1332 1859 1400 1897 ejus

255 1907 437 1946 crudelitas,
454 1907 526 1936 ibid.
543 1913 570 1936 et
586 1915 617 1945 4.
642 1907 669 1936 ei
695 1906 876 1936 Demetrius
899 1907 941 1935 est
964 1905 1133 1944 suspthus,
1151 1911 1180 1943 5.
1205 1903 1329 1933 Perseus
1345 1912 1399 1932 ac-

254 1951 342 1982 cusat
356 1942 560 1980 Demetrium
576 1949 660 1986 apud
681 1948 882 1988 Philippum,
901 1951 930 1978 8.
954 1948 1022 1985 ejus
1039 1948 1077 1977 ad
1094 1946 1174 1976 filios
1190 1947 1261 1976 suos
1284 1946 1397 1982 oratio,

254 1994 325 2024 ibid.
349 1994 417 2031 ejus
443 1993 500 2022 iter
524 1993 562 2022 ad
579 1992 716 2021 AEmum
742 1999 902 2026 montem,
920 2001 971 2021 21.
994 1991 1072 2020 duas
1095 1999 1161 2019 aras
1183 1989 1253 2018 Jovi
1275 1994 1305 2017 et
1331 1987 1397 2017 Soli

253 2037 430 2072 consecrat,
449 2046 498 2065 22.
522 2035 724 2064 Demetrium
743 2034 876 2063 interfici
899 2034 1001 2071 jubet,
1018 2042 1068 2071 24.
1093 2032 1312 2061 innocentiam
1333 2031 1391 2059 De·

254 2080 356 2110 metrii
381 2078 534 2118 agnoscit,
553 2084 602 2116 54.
621 2084 650 2106 ct
673 2085 722 2115 55.
748 2086 882 2115 regnum
908 2076 1071 2114 Antigono
1097 2075 1270 2112 relinquere
1293 2073 1396 2112 cupit,

258 2125 308 2154 πό.
332 2123 476 2153 moritur,
489 2119 560 2149 ibid.
850 2128 851 2131 ¹

210 2156 388 2204 Philippus,
401 2163 485 2193 filius
502 2162 672 2192 Alexandri
688 2160 963 2199 Megalopolitani,
979 2167 1028 2200 35,
1039 2167 1092 2199 47.
1116 2168 1134 2188 a
1150 2157 1309 2198 Philippo,
1326 2168 1398 2196 rege

258 2207 490 2242 Macedonum,
507 2205 546 2234 ad
562 2204 738 2234 ludibrium
755 2204 846 2232 frater
861 2202 1048 2242 appellatur,
1066 2202 1118 2240 36,
1138 2211 1184 2242 ¹4·
1210 2202 1242 2230 in
1258 2201 1396 2232 vinculis

252 2250 391 2279 Romam
409 2249 558 2284 mittitur,
576 2247 647 2276 ibid.
672 2245 835 2285 praefeaus
851 2246 949 2275 fuerat
967 2245 1134 2286 Zacyntho
1148 2244 1269 2281 insulae,
1290 2253 1341 2282 31.

209 2293 375 2331 Philippus
393 2293 522 2326 Poenus,
539 2291 677 2319 scortum
695 2289 725 2318 L.
746 2289 883 2324 Quintil,
902 2297 953 2324 39,
973 2298 1023 2326 42.

208 2335 387 2372 Philippus,
414 2340 526 2363 natuia
552 2333 655 2364 frater,
680 2332 850 2370 adoptione
879 2330 962 2360 filius
989 2330 1100 2367 Persei,
1115 2340 1170 2370 42,
1189 2339 1240 2369 52,
1270 2339 1324 2368 44,
1339 2335 1393 2368 45.

252 2378 451 2416 Philippum,
476 2376 601 2414 seseque
628 2374 760 2404 Oftavio
787 2374 880 2404 tradit
895 2373 1035 2412 Perseus,
1052 2381 1107 2413 45,
1125 2374 1155 2404 6.
1179 2372 1305 2403 ducitur
1320 2378 1395 2402 ante

253 2429 383 2451 currum
400 2418 501 2451 Paulli
519 2417 759 2458 triumphantis,
778 2426 828 2456 39.
