<?xml version="1.0" encoding="UTF-8"?>
<!DOCTYPE html PUBLIC "-//W3C//DTD XHTML 1.0 Transitional//EN"
    "http://www.w3.org/TR/xhtml1/DTD/xhtml1-transitional.dtd">
<html xmlns="http://www.w3.org/1999/xhtml" xml:lang="en" lang="en">
 <head>
  <title>
</title>
<meta http-equiv="Content-Type" content="text/html;charset=utf-8" />
  <meta name='ocr-system' content='tesseract 3.04.00' />
  <meta name='ocr-capabilities' content='ocr_page ocr_carea ocr_par ocr_line ocrx_word'/>
</head>
<body>
  <div class='ocr_page' id='page_1' title='image "./historiarumquaes05livyuoft_0425.png"; bbox 0 0 1572 2616; ppageno 0'>
   <div class='ocr_carea' id='block_1_1' title="bbox 444 91 937 127">
    <p class='ocr_par' dir='ltr' id='par_1_1' title="bbox 444 91 937 127">
     <span class='ocr_line' id='line_1_1' title="bbox 444 91 937 127; baseline -0.002 -7"><span class='ocrx_word' id='word_1_1' title='bbox 444 92 678 127; x_wconf 74' lang='lat' dir='ltr'>PLEBEIAE</span> <span class='ocrx_word' id='word_1_2' title='bbox 715 91 937 120; x_wconf 80' lang='lat' dir='ltr'>GENTES.</span> 
     </span>
    </p>
   </div>
   <div class='ocr_carea' id='block_1_2' title="bbox 1218 88 1293 132">
    <p class='ocr_par' dir='ltr' id='par_1_2' title="bbox 1218 88 1293 132">
     <span class='ocr_line' id='line_1_2' title="bbox 1218 88 1293 132; baseline 0.027 -13"><span class='ocrx_word' id='word_1_3' title='bbox 1218 88 1293 132; x_wconf 84' lang='lat'>127</span> 
     </span>
    </p>
   </div>
   <div class='ocr_carea' id='block_1_3' title="bbox 860 171 985 202">
    <p class='ocr_par' dir='ltr' id='par_1_3' title="bbox 860 171 985 202">
     <span class='ocr_line' id='line_1_3' title="bbox 860 171 985 202; baseline 0 0"><span class='ocrx_word' id='word_1_4' title='bbox 860 171 985 202; x_wconf 48' lang='grc' dir='ltr'><strong>κ-Λ-η</strong></span> 
     </span>
    </p>
   </div>
   <div class='ocr_carea' id='block_1_4' title="bbox 94 213 885 977">
    <p class='ocr_par' dir='ltr' id='par_1_4' title="bbox 94 213 885 977">
     <span class='ocr_line' id='line_1_4' title="bbox 101 213 882 246; baseline 0.001 -3"><span class='ocrx_word' id='word_1_5' title='bbox 101 214 136 243; x_wconf 89' lang='lat' dir='ltr'>L.</span> <span class='ocrx_word' id='word_1_6' title='bbox 169 214 357 246; x_wconf 87' lang='lat' dir='ltr'>LICINIUS</span> <span class='ocrx_word' id='word_1_7' title='bbox 386 215 420 246; x_wconf 89' lang='lat' dir='ltr'>L.</span> <span class='ocrx_word' id='word_1_8' title='bbox 450 215 484 245; x_wconf 88' lang='lat' dir='ltr'>F.</span> <span class='ocrx_word' id='word_1_9' title='bbox 512 214 546 244; x_wconf 93' lang='lat' dir='ltr'>L.</span> <span class='ocrx_word' id='word_1_10' title='bbox 572 213 618 244; x_wconf 92' lang='lat' dir='ltr'>N.</span> <span class='ocrx_word' id='word_1_11' title='bbox 645 213 882 244; x_wconf 90' lang='lat' dir='ltr'>LUCULLUS.</span> 
     </span>
     <span class='ocr_line' id='line_1_5' title="bbox 103 256 883 297; baseline -0.004 -9"><span class='ocrx_word' id='word_1_12' title='bbox 103 256 248 288; x_wconf 71' lang='lat' dir='ltr'>Ouaestor</span> <span class='ocrx_word' id='word_1_13' title='bbox 263 259 295 288; x_wconf 92' lang='lat' dir='ltr'>in</span> <span class='ocrx_word' id='word_1_14' title='bbox 312 258 420 288; x_wconf 79' lang='lat' dir='ltr'>Afiam</span> <span class='ocrx_word' id='word_1_15' title='bbox 435 257 591 297; x_wconf 61' lang='lat' dir='ltr'>profectus</span> <span class='ocrx_word' id='word_1_16' title='bbox 604 258 668 295; x_wconf 80' lang='lat' dir='ltr'>est3</span> <span class='ocrx_word' id='word_1_17' title='bbox 687 256 728 286; x_wconf 91' lang='lat' dir='ltr'>ibi</span> <span class='ocrx_word' id='word_1_18' title='bbox 744 256 883 296; x_wconf 86' lang='lat' dir='ltr'>permul-</span> 
     </span>
     <span class='ocr_line' id='line_1_6' title="bbox 100 300 883 340; baseline 0 -11"><span class='ocrx_word' id='word_1_19' title='bbox 100 306 148 330; x_wconf 86' lang='lat' dir='ltr'>tos</span> <span class='ocrx_word' id='word_1_20' title='bbox 165 311 266 331; x_wconf 87' lang='lat' dir='ltr'>annos</span> <span class='ocrx_word' id='word_1_21' title='bbox 283 301 462 331; x_wconf 82' lang='lat' dir='ltr'>admirabili</span> <span class='ocrx_word' id='word_1_22' title='bbox 480 301 620 340; x_wconf 84' lang='lat' dir='ltr'>quadam</span> <span class='ocrx_word' id='word_1_23' title='bbox 644 300 738 330; x_wconf 77' lang='lat' dir='ltr'>laude</span> <span class='ocrx_word' id='word_1_24' title='bbox 755 300 883 339; x_wconf 79' lang='lat' dir='ltr'>provin-</span> 
     </span>
     <span class='ocr_line' id='line_1_7' title="bbox 99 342 882 383; baseline 0 -11"><span class='ocrx_word' id='word_1_25' title='bbox 99 344 158 373; x_wconf 87' lang='lat' dir='ltr'>ciae</span> <span class='ocrx_word' id='word_1_26' title='bbox 186 345 338 383; x_wconf 82' lang='lat' dir='ltr'>praefuit3</span> <span class='ocrx_word' id='word_1_27' title='bbox 370 344 483 374; x_wconf 89' lang='lat' dir='ltr'>deinde</span> <span class='ocrx_word' id='word_1_28' title='bbox 507 343 616 374; x_wconf 83' lang='lat' dir='ltr'>absens</span> <span class='ocrx_word' id='word_1_29' title='bbox 641 342 743 373; x_wconf 62' lang='lat' dir='ltr'>factus</span> <span class='ocrx_word' id='word_1_30' title='bbox 769 343 882 379; x_wconf 77' lang='lat' dir='ltr'>aedilis,</span> 
     </span>
     <span class='ocr_line' id='line_1_8' title="bbox 99 385 881 427; baseline 0.001 -12"><span class='ocrx_word' id='word_1_31' title='bbox 99 387 256 417; x_wconf 72' lang='lat' dir='ltr'>continuo</span> <span class='ocrx_word' id='word_1_32' title='bbox 283 393 418 427; x_wconf 75' lang='lat' dir='ltr'>praetor:</span> <span class='ocrx_word' id='word_1_33' title='bbox 445 388 510 425; x_wconf 81' lang='lat' dir='ltr'>post</span> <span class='ocrx_word' id='word_1_34' title='bbox 534 387 566 416; x_wconf 91' lang='lat' dir='ltr'>in</span> <span class='ocrx_word' id='word_1_35' title='bbox 592 387 734 416; x_wconf 86' lang='lat' dir='ltr'>Africam</span> <span class='ocrx_word' id='word_1_36' title='bbox 760 385 881 422; x_wconf 82' lang='lat' dir='ltr'>miffus,</span> 
     </span>
     <span class='ocr_line' id='line_1_9' title="bbox 99 428 883 464; baseline 0.001 -7"><span class='ocrx_word' id='word_1_37' title='bbox 99 428 172 459; x_wconf 89' lang='lat' dir='ltr'>inde</span> <span class='ocrx_word' id='word_1_38' title='bbox 196 439 260 460; x_wconf 90' lang='lat' dir='ltr'>cos.</span> <span class='ocrx_word' id='word_1_39' title='bbox 285 430 386 460; x_wconf 67' lang='lat' dir='ltr'>faftus</span> <span class='ocrx_word' id='word_1_40' title='bbox 408 431 451 460; x_wconf 86' lang='lat' dir='ltr'>est</span> <span class='ocrx_word' id='word_1_41' title='bbox 474 439 550 459; x_wconf 90' lang='lat' dir='ltr'>cum</span> <span class='ocrx_word' id='word_1_42' title='bbox 570 430 620 460; x_wconf 85' lang='grc' dir='ltr'>Μ.</span> <span class='ocrx_word' id='word_1_43' title='bbox 635 428 779 464; x_wconf 87' lang='lat' dir='ltr'>Aurelio,</span> <span class='ocrx_word' id='word_1_44' title='bbox 795 439 883 459; x_wconf 89' lang='lat' dir='ltr'>anno</span> 
     </span>
     <span class='ocr_line' id='line_1_10' title="bbox 100 472 884 509; baseline 0 -8"><span class='ocrx_word' id='word_1_45' title='bbox 100 472 173 509; x_wconf 84' lang='lat'>679.</span> <span class='ocrx_word' id='word_1_46' title='bbox 209 473 418 503; x_wconf 84' lang='lat' dir='ltr'>Caffiodorus.</span> <span class='ocrx_word' id='word_1_47' title='bbox 443 473 510 502; x_wconf 89' lang='lat' dir='ltr'><strong>Cic.</strong></span> <span class='ocrx_word' id='word_1_48' title='bbox 526 472 749 503; x_wconf 71' lang='lat' dir='ltr'>Accusationis</span> <span class='ocrx_word' id='word_1_49' title='bbox 765 482 795 502; x_wconf 91' lang='lat' dir='ltr'>v.</span> <span class='ocrx_word' id='word_1_50' title='bbox 813 472 884 502; x_wconf 84' lang='lat' dir='ltr'>Bel-</span> 
     </span>
     <span class='ocr_line' id='line_1_11' title="bbox 97 513 884 546; baseline 0.001 -3"><span class='ocrx_word' id='word_1_51' title='bbox 97 513 168 545; x_wconf 91' lang='lat' dir='ltr'>lum</span> <span class='ocrx_word' id='word_1_52' title='bbox 185 524 261 546; x_wconf 90' lang='lat' dir='ltr'>cum</span> <span class='ocrx_word' id='word_1_53' title='bbox 281 516 467 546; x_wconf 80' lang='lat' dir='ltr'>Mithridate</span> <span class='ocrx_word' id='word_1_54' title='bbox 491 525 608 545; x_wconf 90' lang='lat' dir='ltr'>novem</span> <span class='ocrx_word' id='word_1_55' title='bbox 632 517 725 545; x_wconf 89' lang='lat' dir='ltr'>annis</span> <span class='ocrx_word' id='word_1_56' title='bbox 748 515 884 544; x_wconf 86' lang='lat' dir='ltr'>feliciffi-</span> 
     </span>
     <span class='ocr_line' id='line_1_12' title="bbox 98 558 884 599; baseline 0.001 -12"><span class='ocrx_word' id='word_1_57' title='bbox 98 566 152 587; x_wconf 82' lang='lat' dir='ltr'>me</span> <span class='ocrx_word' id='word_1_58' title='bbox 180 558 245 589; x_wconf 80' lang='lat' dir='ltr'>fine</span> <span class='ocrx_word' id='word_1_59' title='bbox 272 559 340 589; x_wconf 84' lang='lat' dir='ltr'>ullo</span> <span class='ocrx_word' id='word_1_60' title='bbox 367 559 467 589; x_wconf 82' lang='lat' dir='ltr'>aerarii</span> <span class='ocrx_word' id='word_1_61' title='bbox 494 559 621 599; x_wconf 81' lang='lat' dir='ltr'>sumptu</span> <span class='ocrx_word' id='word_1_62' title='bbox 654 558 752 597; x_wconf 80' lang='lat' dir='ltr'>geffit.</span> <span class='ocrx_word' id='word_1_63' title='bbox 800 558 884 588; x_wconf 89' lang='lat' dir='ltr'>Eum</span> 
     </span>
     <span class='ocr_line' id='line_1_13' title="bbox 96 600 885 642; baseline 0.001 -12"><span class='ocrx_word' id='word_1_64' title='bbox 96 600 178 639; x_wconf 81' lang='lat' dir='ltr'>saepc</span> <span class='ocrx_word' id='word_1_65' title='bbox 196 601 306 631; x_wconf 84' lang='lat' dir='ltr'>multis</span> <span class='ocrx_word' id='word_1_66' title='bbox 322 601 400 632; x_wconf 92' lang='lat' dir='ltr'>locis</span> <span class='ocrx_word' id='word_1_67' title='bbox 415 602 509 633; x_wconf 86' lang='lat' dir='ltr'>fudit.</span> <span class='ocrx_word' id='word_1_68' title='bbox 547 602 705 642; x_wconf 90' lang='lat' dir='ltr'>Cyzicum</span> <span class='ocrx_word' id='word_1_69' title='bbox 722 600 885 631; x_wconf 74' lang='lat' dir='ltr'>obsidione</span> 
     </span>
     <span class='ocr_line' id='line_1_14' title="bbox 94 642 884 685; baseline 0.003 -13"><span class='ocrx_word' id='word_1_70' title='bbox 94 642 252 675; x_wconf 80' lang='lat' dir='ltr'>liberavit.</span> <span class='ocrx_word' id='word_1_71' title='bbox 301 645 476 684; x_wconf 80' lang='lat' dir='ltr'>Tigranem</span> <span class='ocrx_word' id='word_1_72' title='bbox 504 654 615 685; x_wconf 85' lang='lat' dir='ltr'>regum</span> <span class='ocrx_word' id='word_1_73' title='bbox 640 645 827 674; x_wconf 86' lang='lat' dir='ltr'>maximum</span> <span class='ocrx_word' id='word_1_74' title='bbox 850 645 884 674; x_wconf 89' lang='lat' dir='ltr'>in</span> 
     </span>
     <span class='ocr_line' id='line_1_15' title="bbox 95 686 884 728; baseline 0.001 -12"><span class='ocrx_word' id='word_1_75' title='bbox 95 686 249 717; x_wconf 84' lang='lat' dir='ltr'>Armenia</span> <span class='ocrx_word' id='word_1_76' title='bbox 263 688 339 718; x_wconf 85' lang='lat' dir='ltr'>vicit</span> <span class='ocrx_word' id='word_1_77' title='bbox 354 700 359 717; x_wconf 91' lang='lat'>:</span> <span class='ocrx_word' id='word_1_78' title='bbox 384 689 487 728; x_wconf 90' lang='lat' dir='ltr'>deque</span> <span class='ocrx_word' id='word_1_79' title='bbox 505 689 541 717; x_wconf 90' lang='lat' dir='ltr'>iis</span> <span class='ocrx_word' id='word_1_80' title='bbox 558 689 722 721; x_wconf 82' lang='lat' dir='ltr'>Cicerone,</span> <span class='ocrx_word' id='word_1_81' title='bbox 739 687 884 718; x_wconf 86' lang='lat' dir='ltr'>Antonio</span> 
     </span>
     <span class='ocr_line' id='line_1_16' title="bbox 94 730 885 770; baseline 0.001 -11"><span class='ocrx_word' id='word_1_82' title='bbox 94 737 176 760; x_wconf 88' lang='lat' dir='ltr'>coss.</span> <span class='ocrx_word' id='word_1_83' title='bbox 202 731 424 770; x_wconf 88' lang='lat' dir='ltr'>triumphavit.</span> <span class='ocrx_word' id='word_1_84' title='bbox 470 731 554 770; x_wconf 66' lang='lat' dir='ltr'>Epic.</span> <span class='ocrx_word' id='word_1_85' title='bbox 573 732 658 761; x_wconf 86' lang='lat' dir='ltr'>xciv.</span> <span class='ocrx_word' id='word_1_86' title='bbox 675 738 707 760; x_wconf 89' lang='lat' dir='ltr'>et</span> <span class='ocrx_word' id='word_1_87' title='bbox 727 730 885 769; x_wconf 85' lang='lat' dir='ltr'>fequenti-</span> 
     </span>
     <span class='ocr_line' id='line_1_17' title="bbox 94 771 882 814; baseline 0.001 -12"><span class='ocrx_word' id='word_1_88' title='bbox 94 771 168 803; x_wconf 90' lang='lat' dir='ltr'>bus.</span> <span class='ocrx_word' id='word_1_89' title='bbox 215 773 327 804; x_wconf 88' lang='lat' dir='ltr'>Florus</span> <span class='ocrx_word' id='word_1_90' title='bbox 351 774 408 805; x_wconf 91' lang='lat' dir='ltr'>lib.</span> <span class='ocrx_word' id='word_1_91' title='bbox 424 774 468 804; x_wconf 92' lang='lat' dir='ltr'>iii.</span> <span class='ocrx_word' id='word_1_92' title='bbox 493 784 523 804; x_wconf 92' lang='lat' dir='ltr'>v.</span> <span class='ocrx_word' id='word_1_93' title='bbox 570 774 744 814; x_wconf 80' lang='lat' dir='ltr'><strong>Eutropius</strong></span> <span class='ocrx_word' id='word_1_94' title='bbox 768 774 823 804; x_wconf 93' lang='lat' dir='ltr'>lib.</span> <span class='ocrx_word' id='word_1_95' title='bbox 841 774 882 804; x_wconf 91' lang='lat' dir='ltr'>vi.</span> 
     </span>
     <span class='ocr_line' id='line_1_18' title="bbox 96 814 884 856; baseline 0.001 -11"><span class='ocrx_word' id='word_1_96' title='bbox 96 814 288 847; x_wconf 74' lang='lat' dir='ltr'>Plutarchus</span> <span class='ocrx_word' id='word_1_97' title='bbox 305 818 337 846; x_wconf 90' lang='lat' dir='ltr'>in</span> <span class='ocrx_word' id='word_1_98' title='bbox 353 818 430 847; x_wconf 79' lang='lat' dir='ltr'>vita.</span> <span class='ocrx_word' id='word_1_99' title='bbox 454 818 623 856; x_wconf 78' lang='lat' dir='ltr'>Appianus</span> <span class='ocrx_word' id='word_1_100' title='bbox 639 818 671 847; x_wconf 88' lang='lat' dir='ltr'>in</span> <span class='ocrx_word' id='word_1_101' title='bbox 687 817 884 848; x_wconf 84' lang='lat' dir='ltr'>Mithridati-</span> 
     </span>
     <span class='ocr_line' id='line_1_19' title="bbox 96 858 884 890; baseline 0.003 -2"><span class='ocrx_word' id='word_1_102' title='bbox 96 858 153 889; x_wconf 87' lang='lat' dir='ltr'>cis.</span> <span class='ocrx_word' id='word_1_103' title='bbox 186 859 319 890; x_wconf 91' lang='lat' dir='ltr'>Diolib.</span> <span class='ocrx_word' id='word_1_104' title='bbox 335 870 436 890; x_wconf 87' lang='lat' dir='ltr'>xxxv.</span> <span class='ocrx_word' id='word_1_105' title='bbox 471 860 612 890; x_wconf 83' lang='lat' dir='ltr'>Velleius</span> <span class='ocrx_word' id='word_1_106' title='bbox 627 860 683 890; x_wconf 91' lang='lat' dir='ltr'>lib.</span> <span class='ocrx_word' id='word_1_107' title='bbox 699 860 731 890; x_wconf 90' lang='lat' dir='ltr'>ii.</span> <span class='ocrx_word' id='word_1_108' title='bbox 770 860 884 890; x_wconf 90' lang='lat' dir='ltr'>Cicero</span> 
     </span>
     <span class='ocr_line' id='line_1_20' title="bbox 96 901 882 942; baseline 0.003 -11"><span class='ocrx_word' id='word_1_109' title='bbox 96 910 153 940; x_wconf 88' lang='lat' dir='ltr'>pro</span> <span class='ocrx_word' id='word_1_110' title='bbox 169 901 237 941; x_wconf 89' lang='lat' dir='ltr'>lege</span> <span class='ocrx_word' id='word_1_111' title='bbox 254 902 403 940; x_wconf 88' lang='lat' dir='ltr'>Manilia,</span> <span class='ocrx_word' id='word_1_112' title='bbox 417 909 447 933; x_wconf 80' lang='lat' dir='ltr'>et</span> <span class='ocrx_word' id='word_1_113' title='bbox 462 913 518 942; x_wconf 91' lang='lat' dir='ltr'>pro</span> <span class='ocrx_word' id='word_1_114' title='bbox 533 903 694 939; x_wconf 79' lang='lat' dir='ltr'>Muraena,</span> <span class='ocrx_word' id='word_1_115' title='bbox 708 903 784 932; x_wconf 89' lang='lat' dir='ltr'>etin</span> <span class='ocrx_word' id='word_1_116' title='bbox 800 904 882 933; x_wconf 87' lang='lat' dir='ltr'>Aca-</span> 
     </span>
     <span class='ocr_line' id='line_1_21' title="bbox 96 944 880 977; baseline 0.001 -4"><span class='ocrx_word' id='word_1_117' title='bbox 96 944 244 976; x_wconf 85' lang='lat' dir='ltr'>demicis.</span> <span class='ocrx_word' id='word_1_118' title='bbox 289 946 442 976; x_wconf 86' lang='lat' dir='ltr'>Meminit</span> <span class='ocrx_word' id='word_1_119' title='bbox 465 946 588 977; x_wconf 85' lang='lat' dir='ltr'>Plinius</span> <span class='ocrx_word' id='word_1_120' title='bbox 618 946 674 977; x_wconf 90' lang='lat' dir='ltr'>lib.</span> <span class='ocrx_word' id='word_1_121' title='bbox 705 946 821 977; x_wconf 80' lang='lat' dir='ltr'>xxxvi.</span> <span class='ocrx_word' id='word_1_122' title='bbox 850 947 880 977; x_wconf 90' lang='lat'>6.</span> 
     </span>
    </p>
   </div>
   <div class='ocr_carea' id='block_1_5' title="bbox 94 987 517 1062">
    <p class='ocr_par' dir='ltr' id='par_1_5' title="bbox 94 987 517 1062">
     <span class='ocr_line' id='line_1_22' title="bbox 94 987 517 1062; baseline 0.012 -45"><span class='ocrx_word' id='word_1_123' title='bbox 94 987 199 1019; x_wconf 85' lang='lat' dir='ltr'>Julius</span> <span class='ocrx_word' id='word_1_124' title='bbox 215 988 355 1019; x_wconf 84' lang='lat' dir='ltr'>Solinus.</span> <span class='ocrx_word' id='word_1_125' title='bbox 373 989 439 1021; x_wconf 85' lang='lat' dir='ltr'>alii.</span> <span class='ocrx_word' id='word_1_126' title='bbox 501 1032 517 1062; x_wconf 65' lang='lat' dir='ltr'>I</span> 
     </span>
    </p>
   </div>
   <div class='ocr_carea' id='block_1_6' title="bbox 94 1049 884 1234">
    <p class='ocr_par' dir='ltr' id='par_1_6' title="bbox 94 1049 884 1234">
     <span class='ocr_line' id='line_1_23' title="bbox 97 1049 883 1105; baseline 0.003 -3"><span class='ocrx_word' id='word_1_127' title='bbox 97 1072 131 1102; x_wconf 84' lang='lat' dir='ltr'>L.</span> <span class='ocrx_word' id='word_1_128' title='bbox 159 1049 350 1105; x_wconf 60' lang='lat' dir='ltr'>Llcffims</span> <span class='ocrx_word' id='word_1_129' title='bbox 378 1075 413 1105; x_wconf 90' lang='lat' dir='ltr'>L.</span> <span class='ocrx_word' id='word_1_130' title='bbox 444 1074 480 1105; x_wconf 92' lang='lat' dir='ltr'>F.</span> <span class='ocrx_word' id='word_1_131' title='bbox 509 1075 544 1105; x_wconf 91' lang='lat' dir='ltr'>L.</span> <span class='ocrx_word' id='word_1_132' title='bbox 572 1074 615 1105; x_wconf 93' lang='lat' dir='ltr'>N.</span> <span class='ocrx_word' id='word_1_133' title='bbox 645 1074 883 1105; x_wconf 86' lang='lat' dir='ltr'>LUCULLUS.</span> 
     </span>
     <span class='ocr_line' id='line_1_24' title="bbox 96 1115 883 1148; baseline 0.003 -3"><span class='ocrx_word' id='word_1_134' title='bbox 96 1115 249 1147; x_wconf 87' lang='lat' dir='ltr'>Meminit</span> <span class='ocrx_word' id='word_1_135' title='bbox 266 1118 377 1148; x_wconf 90' lang='lat' dir='ltr'>Cicero</span> <span class='ocrx_word' id='word_1_136' title='bbox 400 1117 456 1148; x_wconf 86' lang='lat' dir='ltr'>lib.</span> <span class='ocrx_word' id='word_1_137' title='bbox 475 1118 514 1148; x_wconf 89' lang='lat' dir='ltr'>de</span> <span class='ocrx_word' id='word_1_138' title='bbox 538 1118 669 1148; x_wconf 87' lang='lat' dir='ltr'>Finibus</span> <span class='ocrx_word' id='word_1_139' title='bbox 685 1118 787 1148; x_wconf 89' lang='lat' dir='ltr'>tertio.</span> <span class='ocrx_word' id='word_1_140' title='bbox 824 1118 883 1148; x_wconf 90' lang='lat' dir='ltr'>Pu-</span> 
     </span>
     <span class='ocr_line' id='line_1_25' title="bbox 94 1159 884 1234; baseline 0 -43"><span class='ocrx_word' id='word_1_141' title='bbox 94 1159 376 1234; x_wconf 43' lang='lat' dir='ltr'>{Sssdlghilippenfi</span> <span class='ocrx_word' id='word_1_142' title='bbox 399 1162 527 1193; x_wconf 87' lang='lat' dir='ltr'>cecidit.</span> <span class='ocrx_word' id='word_1_143' title='bbox 573 1160 714 1192; x_wconf 84' lang='lat' dir='ltr'>Velleius</span> <span class='ocrx_word' id='word_1_144' title='bbox 735 1160 817 1192; x_wconf 81' lang='lat' dir='ltr'>libro</span> <span class='ocrx_word' id='word_1_145' title='bbox 839 1161 884 1192; x_wconf 77' lang='lat' dir='ltr'>se-</span> 
     </span>
    </p>
   </div>
   <div class='ocr_carea' id='block_1_7' title="bbox 93 1502 731 1750">
    <p class='ocr_par' dir='ltr' id='par_1_7' title="bbox 93 1502 443 1704">
     <span class='ocr_line' id='line_1_26' title="bbox 96 1502 408 1534; baseline 0.003 -1"><span class='ocrx_word' id='word_1_146' title='bbox 96 1502 120 1533; x_wconf 91' lang='lat' dir='ltr'>L</span> <span class='ocrx_word' id='word_1_147' title='bbox 149 1502 162 1532; x_wconf 92' lang='lat'>1</span> <span class='ocrx_word' id='word_1_148' title='bbox 191 1502 218 1534; x_wconf 91' lang='lat' dir='ltr'>C</span> <span class='ocrx_word' id='word_1_149' title='bbox 245 1502 257 1532; x_wconf 82' lang='lat' dir='ltr'>l</span> <span class='ocrx_word' id='word_1_150' title='bbox 288 1503 321 1533; x_wconf 90' lang='lat' dir='ltr'>N</span> <span class='ocrx_word' id='word_1_151' title='bbox 350 1504 364 1534; x_wconf 82' lang='lat'>1</span> <span class='ocrx_word' id='word_1_152' title='bbox 395 1505 408 1534; x_wconf 87' lang='lat'>1</span> 
     </span>
     <span class='ocr_line' id='line_1_27' title="bbox 97 1545 443 1585; baseline 0.009 -10"><span class='ocrx_word' id='word_1_153' title='bbox 97 1545 132 1575; x_wconf 85' lang='lat' dir='ltr'>M</span> <span class='ocrx_word' id='word_1_154' title='bbox 157 1546 186 1575; x_wconf 93' lang='lat' dir='ltr'>U</span> <span class='ocrx_word' id='word_1_155' title='bbox 211 1545 238 1576; x_wconf 87' lang='lat' dir='ltr'>R</span> <span class='ocrx_word' id='word_1_156' title='bbox 262 1546 303 1576; x_wconf 66' lang='grc' dir='ltr'>[Ε</span> <span class='ocrx_word' id='word_1_157' title='bbox 329 1547 358 1575; x_wconf 90' lang='grc' dir='ltr'>Ν</span> <span class='ocrx_word' id='word_1_158' title='bbox 383 1547 443 1585; x_wconf 67' lang='lat' dir='ltr'>AE,</span> 
     </span>
     <span class='ocr_line' id='line_1_28' title="bbox 94 1590 440 1628; baseline 0.009 -10"><span class='ocrx_word' id='word_1_159' title='bbox 94 1598 133 1618; x_wconf 81' lang='lat' dir='ltr'>ex</span> <span class='ocrx_word' id='word_1_160' title='bbox 145 1590 324 1628; x_wconf 82' lang='lat' dir='ltr'>municipio</span> <span class='ocrx_word' id='word_1_161' title='bbox 336 1590 440 1621; x_wconf 85' lang='lat' dir='ltr'>Lanu-</span> 
     </span>
     <span class='ocr_line' id='line_1_29' title="bbox 93 1631 441 1672; baseline 0.011 -12"><span class='ocrx_word' id='word_1_162' title='bbox 93 1631 156 1661; x_wconf 71' lang='lat' dir='ltr'>vio.</span> <span class='ocrx_word' id='word_1_163' title='bbox 174 1631 285 1661; x_wconf 85' lang='lat' dir='ltr'>Cicero</span> <span class='ocrx_word' id='word_1_164' title='bbox 298 1642 354 1672; x_wconf 89' lang='lat' dir='ltr'>pro</span> <span class='ocrx_word' id='word_1_165' title='bbox 366 1633 441 1664; x_wconf 84' lang='lat' dir='ltr'>Mu-</span> 
     </span>
     <span class='ocr_line' id='line_1_30' title="bbox 96 1683 191 1704; baseline 0.021 -2"><span class='ocrx_word' id='word_1_166' title='bbox 96 1683 191 1704; x_wconf 79' lang='lat' dir='ltr'>raena.</span> 
     </span>
    </p>

    <p class='ocr_par' dir='ltr' id='par_1_8' title="bbox 571 1719 731 1750">
     <span class='ocr_line' id='line_1_31' title="bbox 571 1719 731 1750; baseline 0.013 -2"><span class='ocrx_word' id='word_1_167' title='bbox 571 1719 731 1750; x_wconf 82' lang='lat' dir='ltr'>Muraena.</span> 
     </span>
    </p>
   </div>
   <div class='ocr_carea' id='block_1_8' title="bbox 945 212 1306 1415">
    <p class='ocr_par' dir='ltr' id='par_1_9' title="bbox 945 212 1306 1415">
     <span class='ocr_line' id='line_1_32' title="bbox 952 212 1300 244; baseline 0 0"><span class='ocrx_word' id='word_1_168' title='bbox 952 213 1001 244; x_wconf 89' lang='lat' dir='ltr'>M.</span> <span class='ocrx_word' id='word_1_169' title='bbox 1041 212 1233 243; x_wconf 86' lang='lat' dir='ltr'>LlClNIUS</span> <span class='ocrx_word' id='word_1_170' title='bbox 1264 212 1300 244; x_wconf 85' lang='lat' dir='ltr'>L.</span> 
     </span>
     <span class='ocr_line' id='line_1_33' title="bbox 953 265 1302 287; baseline 0.003 -1"><span class='ocrx_word' id='word_1_171' title='bbox 953 266 982 286; x_wconf 73' lang='lat' dir='ltr'>F.</span> <span class='ocrx_word' id='word_1_172' title='bbox 1002 266 1031 287; x_wconf 74' lang='lat'>1..</span> <span class='ocrx_word' id='word_1_173' title='bbox 1048 267 1082 287; x_wconf 80' lang='lat' dir='ltr'>N.</span> <span class='ocrx_word' id='word_1_174' title='bbox 1100 265 1302 287; x_wconf 71' lang='lat' dir='ltr'>LucuLLus.</span> 
     </span>
     <span class='ocr_line' id='line_1_34' title="bbox 952 299 1302 330; baseline -0.003 -1"><span class='ocrx_word' id='word_1_175' title='bbox 952 300 1112 330; x_wconf 80' lang='lat' dir='ltr'>Pontifex.</span> <span class='ocrx_word' id='word_1_176' title='bbox 1189 299 1302 329; x_wconf 88' lang='lat' dir='ltr'>Cicero</span> 
     </span>
     <span class='ocr_line' id='line_1_35' title="bbox 951 342 1302 382; baseline 0.003 -11"><span class='ocrx_word' id='word_1_177' title='bbox 951 352 1007 382; x_wconf 84' lang='lat' dir='ltr'>pro</span> <span class='ocrx_word' id='word_1_178' title='bbox 1034 343 1143 373; x_wconf 86' lang='lat' dir='ltr'>domo.</span> <span class='ocrx_word' id='word_1_179' title='bbox 1182 342 1302 372; x_wconf 83' lang='lat' dir='ltr'>AEdilis</span> 
     </span>
     <span class='ocr_line' id='line_1_36' title="bbox 952 385 1300 416; baseline -0.003 0"><span class='ocrx_word' id='word_1_180' title='bbox 952 386 1071 416; x_wconf 84' lang='lat' dir='ltr'>curulis</span> <span class='ocrx_word' id='word_1_181' title='bbox 1115 385 1175 415; x_wconf 87' lang='lat' dir='ltr'>fuit</span> <span class='ocrx_word' id='word_1_182' title='bbox 1220 394 1300 416; x_wconf 87' lang='lat' dir='ltr'>cum</span> 
     </span>
     <span class='ocr_line' id='line_1_37' title="bbox 951 428 1303 459; baseline -0.003 -1"><span class='ocrx_word' id='word_1_183' title='bbox 951 431 1054 459; x_wconf 79' lang='lat' dir='ltr'>fratre.</span> <span class='ocrx_word' id='word_1_184' title='bbox 1086 428 1247 458; x_wconf 84' lang='lat' dir='ltr'>Plutarch.</span> <span class='ocrx_word' id='word_1_185' title='bbox 1267 428 1303 457; x_wconf 83' lang='lat' dir='ltr'>in</span> 
     </span>
     <span class='ocr_line' id='line_1_38' title="bbox 952 470 1305 503; baseline 0.003 -2"><span class='ocrx_word' id='word_1_186' title='bbox 952 471 1098 503; x_wconf 88' lang='lat' dir='ltr'>Lucullo.</span> <span class='ocrx_word' id='word_1_187' title='bbox 1110 471 1232 501; x_wconf 83' lang='lat' dir='ltr'>Plinius</span> <span class='ocrx_word' id='word_1_188' title='bbox 1242 470 1305 502; x_wconf 85' lang='lat' dir='ltr'>lib.</span> 
     </span>
     <span class='ocr_line' id='line_1_39' title="bbox 951 515 1302 553; baseline 0 -9"><span class='ocrx_word' id='word_1_189' title='bbox 951 516 1017 544; x_wconf 88' lang='lat' dir='ltr'>viii.</span> <span class='ocrx_word' id='word_1_190' title='bbox 1036 523 1064 553; x_wconf 92' lang='lat'>7.</span> <span class='ocrx_word' id='word_1_191' title='bbox 1089 515 1206 545; x_wconf 79' lang='lat' dir='ltr'>Praetor</span> <span class='ocrx_word' id='word_1_192' title='bbox 1220 515 1302 544; x_wconf 87' lang='lat' dir='ltr'>inter</span> 
     </span>
     <span class='ocr_line' id='line_1_40' title="bbox 952 557 1301 598; baseline 0.003 -11"><span class='ocrx_word' id='word_1_193' title='bbox 952 559 1143 598; x_wconf 86' lang='lat' dir='ltr'>peregrinos.</span> <span class='ocrx_word' id='word_1_194' title='bbox 1202 557 1301 588; x_wconf 85' lang='lat' dir='ltr'>Asco-</span> 
     </span>
     <span class='ocr_line' id='line_1_41' title="bbox 952 601 1302 631; baseline 0 -1"><span class='ocrx_word' id='word_1_195' title='bbox 952 601 1025 631; x_wconf 84' lang='lat' dir='ltr'>nius</span> <span class='ocrx_word' id='word_1_196' title='bbox 1041 602 1074 630; x_wconf 89' lang='lat' dir='ltr'>in</span> <span class='ocrx_word' id='word_1_197' title='bbox 1088 607 1169 631; x_wconf 84' lang='lat' dir='ltr'>orat.</span> <span class='ocrx_word' id='word_1_198' title='bbox 1188 607 1302 631; x_wconf 90' lang='lat' dir='ltr'>contra</span> 
     </span>
     <span class='ocr_line' id='line_1_42' title="bbox 953 643 1303 675; baseline 0.003 -1"><span class='ocrx_word' id='word_1_199' title='bbox 953 644 1142 675; x_wconf 82' lang='lat' dir='ltr'>Catilinam.</span> <span class='ocrx_word' id='word_1_200' title='bbox 1181 643 1303 675; x_wconf 87' lang='lat' dir='ltr'>Consul</span> 
     </span>
     <span class='ocr_line' id='line_1_43' title="bbox 951 687 1304 723; baseline -0.003 -6"><span class='ocrx_word' id='word_1_201' title='bbox 951 697 1028 717; x_wconf 87' lang='lat' dir='ltr'>cum</span> <span class='ocrx_word' id='word_1_202' title='bbox 1053 688 1091 717; x_wconf 91' lang='lat' dir='ltr'>C.</span> <span class='ocrx_word' id='word_1_203' title='bbox 1108 687 1224 723; x_wconf 86' lang='lat' dir='ltr'>Caffio,</span> <span class='ocrx_word' id='word_1_204' title='bbox 1244 696 1304 717; x_wconf 86' lang='lat' dir='ltr'>an-</span> 
     </span>
     <span class='ocr_line' id='line_1_44' title="bbox 951 729 1302 760; baseline -0.003 0"><span class='ocrx_word' id='word_1_205' title='bbox 951 740 994 760; x_wconf 91' lang='lat' dir='ltr'>no</span> <span class='ocrx_word' id='word_1_206' title='bbox 1020 731 1094 760; x_wconf 75' lang='lat'>680.</span> <span class='ocrx_word' id='word_1_207' title='bbox 1140 729 1302 760; x_wconf 85' lang='lat' dir='ltr'>Caffiodo·</span> 
     </span>
     <span class='ocr_line' id='line_1_45' title="bbox 952 772 1302 812; baseline 0 -10"><span class='ocrx_word' id='word_1_208' title='bbox 952 783 1014 804; x_wconf 84' lang='lat' dir='ltr'>rus.</span> <span class='ocrx_word' id='word_1_209' title='bbox 1033 774 1144 804; x_wconf 87' lang='lat' dir='ltr'>Cicero</span> <span class='ocrx_word' id='word_1_210' title='bbox 1157 783 1213 812; x_wconf 92' lang='lat' dir='ltr'>pro</span> <span class='ocrx_word' id='word_1_211' title='bbox 1225 772 1302 803; x_wconf 91' lang='lat' dir='ltr'>Clu-</span> 
     </span>
     <span class='ocr_line' id='line_1_46' title="bbox 950 816 1304 852; baseline -0.006 -5"><span class='ocrx_word' id='word_1_212' title='bbox 950 818 1051 852; x_wconf 87' lang='lat' dir='ltr'>entio,</span> <span class='ocrx_word' id='word_1_213' title='bbox 1094 822 1125 846; x_wconf 90' lang='lat' dir='ltr'>et</span> <span class='ocrx_word' id='word_1_214' title='bbox 1170 816 1304 846; x_wconf 84' lang='lat' dir='ltr'>Verrina</span> 
     </span>
     <span class='ocr_line' id='line_1_47' title="bbox 951 858 1304 899; baseline -0.003 -10"><span class='ocrx_word' id='word_1_215' title='bbox 951 866 1025 891; x_wconf 69' lang='lat' dir='ltr'>tert.</span> <span class='ocrx_word' id='word_1_216' title='bbox 1067 858 1161 890; x_wconf 84' lang='lat' dir='ltr'>Beffis</span> <span class='ocrx_word' id='word_1_217' title='bbox 1177 860 1304 899; x_wconf 86' lang='lat' dir='ltr'>primus</span> 
     </span>
     <span class='ocr_line' id='line_1_48' title="bbox 951 903 1302 942; baseline 0 -10"><span class='ocrx_word' id='word_1_218' title='bbox 951 903 1177 933; x_wconf 87' lang='lat' dir='ltr'>Romanorum</span> <span class='ocrx_word' id='word_1_219' title='bbox 1246 911 1302 942; x_wconf 89' lang='lat' dir='ltr'>per</span> 
     </span>
     <span class='ocr_line' id='line_1_49' title="bbox 948 945 1301 976; baseline -0.006 0"><span class='ocrx_word' id='word_1_220' title='bbox 948 946 1124 976; x_wconf 79' lang='lat' dir='ltr'>Thraciam</span> <span class='ocrx_word' id='word_1_221' title='bbox 1173 945 1301 975; x_wconf 88' lang='lat' dir='ltr'>bellum</span> 
     </span>
     <span class='ocr_line' id='line_1_50' title="bbox 950 989 1302 1028; baseline -0.003 -9"><span class='ocrx_word' id='word_1_222' title='bbox 950 989 1074 1025; x_wconf 88' lang='lat' dir='ltr'>intulit,</span> <span class='ocrx_word' id='word_1_223' title='bbox 1114 995 1208 1028; x_wconf 85' lang='lat' dir='ltr'>atque</span> <span class='ocrx_word' id='word_1_224' title='bbox 1245 997 1302 1018; x_wconf 81' lang='lat' dir='ltr'>eos</span> 
     </span>
     <span class='ocr_line' id='line_1_51' title="bbox 951 1030 1300 1071; baseline 0 -10"><span class='ocrx_word' id='word_1_225' title='bbox 951 1032 1072 1070; x_wconf 85' lang='lat' dir='ltr'>ingenti</span> <span class='ocrx_word' id='word_1_226' title='bbox 1117 1030 1230 1071; x_wconf 87' lang='lat' dir='ltr'>proelio</span> <span class='ocrx_word' id='word_1_227' title='bbox 1265 1032 1300 1061; x_wconf 85' lang='lat' dir='ltr'>in</span> 
     </span>
     <span class='ocr_line' id='line_1_52' title="bbox 950 1074 1299 1113; baseline -0.006 -8"><span class='ocrx_word' id='word_1_228' title='bbox 950 1075 1051 1105; x_wconf 88' lang='lat' dir='ltr'>AEmo</span> <span class='ocrx_word' id='word_1_229' title='bbox 1075 1081 1187 1105; x_wconf 87' lang='lat' dir='ltr'>monte</span> <span class='ocrx_word' id='word_1_230' title='bbox 1206 1074 1299 1113; x_wconf 89' lang='lat' dir='ltr'>supe-</span> 
     </span>
     <span class='ocr_line' id='line_1_53' title="bbox 950 1116 1302 1153; baseline 0 -6"><span class='ocrx_word' id='word_1_231' title='bbox 950 1118 1042 1153; x_wconf 85' lang='lat' dir='ltr'>ravit,</span> <span class='ocrx_word' id='word_1_232' title='bbox 1067 1124 1098 1148; x_wconf 84' lang='lat' dir='ltr'>et</span> <span class='ocrx_word' id='word_1_233' title='bbox 1125 1127 1166 1147; x_wconf 82' lang='lat' dir='ltr'>ex</span> <span class='ocrx_word' id='word_1_234' title='bbox 1188 1116 1302 1147; x_wconf 87' lang='lat' dir='ltr'>Mace-</span> 
     </span>
     <span class='ocr_line' id='line_1_54' title="bbox 951 1160 1303 1198; baseline 0.003 -8"><span class='ocrx_word' id='word_1_235' title='bbox 951 1161 1048 1190; x_wconf 88' lang='lat' dir='ltr'>donia</span> <span class='ocrx_word' id='word_1_236' title='bbox 1075 1160 1303 1198; x_wconf 81' lang='lat' dir='ltr'>triumphavit.</span> 
     </span>
     <span class='ocr_line' id='line_1_55' title="bbox 947 1202 1299 1235; baseline -0.003 -1"><span class='ocrx_word' id='word_1_237' title='bbox 947 1204 1059 1235; x_wconf 90' lang='lat' dir='ltr'>Cicero</span> <span class='ocrx_word' id='word_1_238' title='bbox 1079 1204 1112 1233; x_wconf 87' lang='lat' dir='ltr'>in</span> <span class='ocrx_word' id='word_1_239' title='bbox 1130 1202 1299 1234; x_wconf 83' lang='lat' dir='ltr'>Pisonem:</span> 
     </span>
     <span class='ocr_line' id='line_1_56' title="bbox 945 1246 1300 1276; baseline 0 0"><span class='ocrx_word' id='word_1_240' title='bbox 945 1253 978 1276; x_wconf 85' lang='lat' dir='ltr'>et</span> <span class='ocrx_word' id='word_1_241' title='bbox 1000 1247 1170 1276; x_wconf 85' lang='lat' dir='ltr'>Asconius.</span> <span class='ocrx_word' id='word_1_242' title='bbox 1215 1246 1300 1276; x_wconf 90' lang='lat' dir='ltr'>Oro·</span> 
     </span>
     <span class='ocr_line' id='line_1_57' title="bbox 946 1288 1299 1327; baseline -0.003 -8"><span class='ocrx_word' id='word_1_243' title='bbox 946 1289 1008 1319; x_wconf 84' lang='lat' dir='ltr'>fius</span> <span class='ocrx_word' id='word_1_244' title='bbox 1025 1289 1080 1319; x_wconf 92' lang='lat' dir='ltr'>lib.</span> <span class='ocrx_word' id='word_1_245' title='bbox 1095 1289 1137 1319; x_wconf 83' lang='lat' dir='ltr'>vi.</span> <span class='ocrx_word' id='word_1_246' title='bbox 1157 1298 1186 1327; x_wconf 88' lang='lat'>3.</span> <span class='ocrx_word' id='word_1_247' title='bbox 1223 1288 1299 1318; x_wconf 88' lang='lat' dir='ltr'>Flo·</span> 
     </span>
     <span class='ocr_line' id='line_1_58' title="bbox 946 1331 1306 1372; baseline 0 -10"><span class='ocrx_word' id='word_1_248' title='bbox 946 1342 999 1362; x_wconf 85' lang='lat' dir='ltr'>rus</span> <span class='ocrx_word' id='word_1_249' title='bbox 1021 1331 1077 1362; x_wconf 87' lang='lat' dir='ltr'>lib.</span> <span class='ocrx_word' id='word_1_250' title='bbox 1096 1332 1140 1362; x_wconf 88' lang='lat' dir='ltr'>iii.</span> <span class='ocrx_word' id='word_1_251' title='bbox 1154 1342 1187 1372; x_wconf 87' lang='lat'>4.</span> <span class='ocrx_word' id='word_1_252' title='bbox 1232 1331 1306 1362; x_wconf 66' lang='lat' dir='ltr'>Eu-</span> 
     </span>
     <span class='ocr_line' id='line_1_59' title="bbox 946 1374 1204 1415; baseline 0 -9"><span class='ocrx_word' id='word_1_253' title='bbox 946 1376 1069 1415; x_wconf 86' lang='lat' dir='ltr'>tropius</span> <span class='ocrx_word' id='word_1_254' title='bbox 1084 1375 1142 1407; x_wconf 85' lang='lat' dir='ltr'>lib.</span> <span class='ocrx_word' id='word_1_255' title='bbox 1158 1374 1204 1406; x_wconf 87' lang='lat' dir='ltr'>vi.</span> 
     </span>
    </p>
   </div>
   <div class='ocr_carea' id='block_1_9' title="bbox 570 1504 1298 1717">
    <p class='ocr_par' dir='ltr' id='par_1_10' title="bbox 570 1504 1298 1717">
     <span class='ocr_line' id='line_1_60' title="bbox 574 1504 1294 1542; baseline 0 -8"><span class='ocrx_word' id='word_1_256' title='bbox 574 1505 608 1534; x_wconf 90' lang='lat' dir='ltr'>L.</span> <span class='ocrx_word' id='word_1_257' title='bbox 642 1504 832 1535; x_wconf 84' lang='lat' dir='ltr'>LlClNlUS</span> <span class='ocrx_word' id='word_1_258' title='bbox 865 1505 1119 1535; x_wconf 64' lang='lat' dir='ltr'>*MURAENA.</span> <span class='ocrx_word' id='word_1_259' title='bbox 1165 1505 1294 1542; x_wconf 83' lang='lat' dir='ltr'>Praetor,</span> 
     </span>
     <span class='ocr_line' id='line_1_61' title="bbox 572 1547 1296 1585; baseline 0 -7"><span class='ocrx_word' id='word_1_260' title='bbox 572 1558 659 1578; x_wconf 87' lang='lat' dir='ltr'>anno</span> <span class='ocrx_word' id='word_1_261' title='bbox 697 1550 770 1585; x_wconf 88' lang='lat'>670.</span> <span class='ocrx_word' id='word_1_262' title='bbox 820 1549 905 1578; x_wconf 92' lang='lat' dir='ltr'>Cum</span> <span class='ocrx_word' id='word_1_263' title='bbox 946 1549 1132 1578; x_wconf 80' lang='lat' dir='ltr'>Mithridate</span> <span class='ocrx_word' id='word_1_264' title='bbox 1169 1547 1296 1578; x_wconf 86' lang='lat' dir='ltr'>bellum</span> 
     </span>
     <span class='ocr_line' id='line_1_62' title="bbox 571 1591 1005 1629; baseline -0.002 -9"><span class='ocrx_word' id='word_1_265' title='bbox 571 1591 671 1629; x_wconf 83' lang='lat' dir='ltr'>geffit,</span> <span class='ocrx_word' id='word_1_266' title='bbox 703 1592 805 1629; x_wconf 82' lang='lat' dir='ltr'>deque</span> <span class='ocrx_word' id='word_1_267' title='bbox 836 1601 874 1621; x_wconf 88' lang='lat' dir='ltr'>eo</span> <span class='ocrx_word' id='word_1_268' title='bbox 904 1591 1005 1626; x_wconf 85' lang='lat' dir='ltr'>Sulla,</span> 
     </span>
     <span class='ocr_line' id='line_1_63' title="bbox 571 1634 1298 1674; baseline 0.001 -11"><span class='ocrx_word' id='word_1_269' title='bbox 571 1634 795 1673; x_wconf 78' lang='lat' dir='ltr'>triumphavit.</span> <span class='ocrx_word' id='word_1_270' title='bbox 841 1635 1011 1674; x_wconf 84' lang='lat' dir='ltr'>Appianus</span> <span class='ocrx_word' id='word_1_271' title='bbox 1042 1634 1074 1663; x_wconf 94' lang='lat' dir='ltr'>in</span> <span class='ocrx_word' id='word_1_272' title='bbox 1100 1634 1298 1664; x_wconf 81' lang='lat' dir='ltr'>Mithridati-</span> 
     </span>
     <span class='ocr_line' id='line_1_64' title="bbox 570 1677 1298 1717; baseline 0.001 -12"><span class='ocrx_word' id='word_1_273' title='bbox 570 1677 627 1706; x_wconf 85' lang='lat' dir='ltr'>cis.</span> <span class='ocrx_word' id='word_1_274' title='bbox 673 1677 784 1707; x_wconf 89' lang='lat' dir='ltr'>Cicero</span> <span class='ocrx_word' id='word_1_275' title='bbox 814 1686 871 1717; x_wconf 89' lang='lat' dir='ltr'>pro</span> <span class='ocrx_word' id='word_1_276' title='bbox 899 1677 967 1717; x_wconf 84' lang='lat' dir='ltr'>lege</span> <span class='ocrx_word' id='word_1_277' title='bbox 999 1677 1149 1713; x_wconf 89' lang='lat' dir='ltr'>Manilia,</span> <span class='ocrx_word' id='word_1_278' title='bbox 1178 1683 1209 1707; x_wconf 87' lang='lat' dir='ltr'>et</span> <span class='ocrx_word' id='word_1_279' title='bbox 1240 1686 1298 1716; x_wconf 89' lang='lat' dir='ltr'>pro</span> 
     </span>
    </p>
   </div>
   <div class='ocr_carea' id='block_1_10' title="bbox 1046 1591 1296 1622">
    <p class='ocr_par' dir='ltr' id='par_1_11' title="bbox 1046 1591 1296 1622">
     <span class='ocr_line' id='line_1_65' title="bbox 1046 1591 1296 1622; baseline -0.004 0"><span class='ocrx_word' id='word_1_280' title='bbox 1046 1591 1179 1622; x_wconf 82' lang='lat' dir='ltr'>Metello</span> <span class='ocrx_word' id='word_1_281' title='bbox 1214 1599 1296 1621; x_wconf 84' lang='lat' dir='ltr'>coss.</span> 
     </span>
    </p>
   </div>
   <div class='ocr_carea' id='block_1_11' title="bbox 859 1810 944 1833">
    <p class='ocr_par' dir='ltr' id='par_1_12' title="bbox 859 1810 944 1833">
     <span class='ocr_line' id='line_1_66' title="bbox 859 1810 944 1833; baseline 0 0"><span class='ocrx_word' id='word_1_282' title='bbox 859 1810 944 1833; x_wconf 51' lang='grc' dir='ltr'>ν-Αῆ</span> 
     </span>
    </p>
   </div>
   <div class='ocr_carea' id='block_1_12' title="bbox 93 1844 879 2265">
    <p class='ocr_par' dir='ltr' id='par_1_13' title="bbox 93 1844 879 2265">
     <span class='ocr_line' id='line_1_67' title="bbox 95 1844 879 1877; baseline 0.003 -3"><span class='ocrx_word' id='word_1_283' title='bbox 95 1844 128 1874; x_wconf 90' lang='lat' dir='ltr'>L.</span> <span class='ocrx_word' id='word_1_284' title='bbox 153 1844 344 1876; x_wconf 83' lang='lat' dir='ltr'>LICINIUS</span> <span class='ocrx_word' id='word_1_285' title='bbox 370 1845 403 1875; x_wconf 87' lang='lat' dir='ltr'>L.</span> <span class='ocrx_word' id='word_1_286' title='bbox 422 1845 455 1876; x_wconf 81' lang='lat' dir='ltr'>F.</span> <span class='ocrx_word' id='word_1_287' title='bbox 473 1846 537 1875; x_wconf 67' lang='lat' dir='ltr'>*N.</span> <span class='ocrx_word' id='word_1_288' title='bbox 556 1846 775 1877; x_wconf 75' lang='lat' dir='ltr'>MURAENA.</span> <span class='ocrx_word' id='word_1_289' title='bbox 822 1847 879 1877; x_wconf 88' lang='lat' dir='ltr'>Le-</span> 
     </span>
     <span class='ocr_line' id='line_1_68' title="bbox 93 1887 878 1926; baseline 0.001 -10"><span class='ocrx_word' id='word_1_290' title='bbox 93 1895 185 1926; x_wconf 78' lang='lat' dir='ltr'>gatus</span> <span class='ocrx_word' id='word_1_291' title='bbox 214 1888 246 1917; x_wconf 89' lang='lat' dir='ltr'>L.</span> <span class='ocrx_word' id='word_1_292' title='bbox 266 1887 391 1918; x_wconf 88' lang='lat' dir='ltr'>Luculli</span> <span class='ocrx_word' id='word_1_293' title='bbox 422 1889 453 1918; x_wconf 90' lang='lat' dir='ltr'>in</span> <span class='ocrx_word' id='word_1_294' title='bbox 480 1889 563 1919; x_wconf 81' lang='lat' dir='ltr'>Afia.</span> <span class='ocrx_word' id='word_1_295' title='bbox 602 1889 718 1919; x_wconf 82' lang='lat' dir='ltr'>AEdilis</span> <span class='ocrx_word' id='word_1_296' title='bbox 747 1889 878 1926; x_wconf 72' lang='lat' dir='ltr'>curulis,</span> 
     </span>
     <span class='ocr_line' id='line_1_69' title="bbox 95 1931 879 1970; baseline 0.003 -11"><span class='ocrx_word' id='word_1_297' title='bbox 95 1939 182 1960; x_wconf 91' lang='lat' dir='ltr'>anno</span> <span class='ocrx_word' id='word_1_298' title='bbox 199 1932 272 1970; x_wconf 81' lang='lat'>685.</span> <span class='ocrx_word' id='word_1_299' title='bbox 320 1931 357 1960; x_wconf 88' lang='lat' dir='ltr'>ln</span> <span class='ocrx_word' id='word_1_300' title='bbox 382 1932 467 1961; x_wconf 91' lang='lat' dir='ltr'>circo</span> <span class='ocrx_word' id='word_1_301' title='bbox 492 1941 617 1970; x_wconf 75' lang='lat' dir='ltr'>paegma</span> <span class='ocrx_word' id='word_1_302' title='bbox 641 1933 734 1962; x_wconf 84' lang='lat' dir='ltr'>duxit</span> <span class='ocrx_word' id='word_1_303' title='bbox 761 1933 790 1961; x_wconf 91' lang='lat' dir='ltr'>in</span> <span class='ocrx_word' id='word_1_304' title='bbox 815 1942 879 1970; x_wconf 84' lang='lat' dir='ltr'>quo</span> 
     </span>
     <span class='ocr_line' id='line_1_70' title="bbox 95 1973 878 2013; baseline 0.003 -11"><span class='ocrx_word' id='word_1_305' title='bbox 95 1973 180 2002; x_wconf 83' lang='lat' dir='ltr'>fuere</span> <span class='ocrx_word' id='word_1_306' title='bbox 196 1974 317 2012; x_wconf 86' lang='lat' dir='ltr'>argenti</span> <span class='ocrx_word' id='word_1_307' title='bbox 334 1975 441 2012; x_wconf 89' lang='lat' dir='ltr'>pondo</span> <span class='ocrx_word' id='word_1_308' title='bbox 460 1985 528 2013; x_wconf 86' lang='lat'><em>¹24-</em></span> <span class='ocrx_word' id='word_1_309' title='bbox 553 1975 673 2004; x_wconf 84' lang='lat' dir='ltr'>Plinius</span> <span class='ocrx_word' id='word_1_310' title='bbox 690 1975 744 2005; x_wconf 88' lang='lat' dir='ltr'>lib.</span> <span class='ocrx_word' id='word_1_311' title='bbox 763 1975 878 2004; x_wconf 79' lang='lat' dir='ltr'>xxxiii.</span> 
     </span>
     <span class='ocr_line' id='line_1_71' title="bbox 96 2015 879 2057; baseline 0.004 -12"><span class='ocrx_word' id='word_1_312' title='bbox 96 2024 124 2052; x_wconf 84' lang='lat'>3.</span> <span class='ocrx_word' id='word_1_313' title='bbox 150 2015 263 2046; x_wconf 80' lang='lat' dir='ltr'>Praetor</span> <span class='ocrx_word' id='word_1_314' title='bbox 282 2017 434 2054; x_wconf 84' lang='lat' dir='ltr'>urbanus,</span> <span class='ocrx_word' id='word_1_315' title='bbox 449 2027 536 2047; x_wconf 87' lang='lat' dir='ltr'>anno</span> <span class='ocrx_word' id='word_1_316' title='bbox 553 2019 625 2048; x_wconf 88' lang='lat'>688.</span> <span class='ocrx_word' id='word_1_317' title='bbox 650 2018 789 2048; x_wconf 85' lang='lat' dir='ltr'>Galliam</span> <span class='ocrx_word' id='word_1_318' title='bbox 809 2027 879 2057; x_wconf 84' lang='lat' dir='ltr'>pro-</span> 
     </span>
     <span class='ocr_line' id='line_1_72' title="bbox 94 2058 877 2100; baseline 0.006 -14"><span class='ocrx_word' id='word_1_319' title='bbox 94 2058 235 2088; x_wconf 80' lang='lat' dir='ltr'>vinciam</span> <span class='ocrx_word' id='word_1_320' title='bbox 254 2059 378 2089; x_wconf 85' lang='lat' dir='ltr'>sortitus</span> <span class='ocrx_word' id='word_1_321' title='bbox 402 2061 456 2090; x_wconf 87' lang='lat' dir='ltr'>est.</span> <span class='ocrx_word' id='word_1_322' title='bbox 502 2060 613 2090; x_wconf 81' lang='lat' dir='ltr'>Cicero</span> <span class='ocrx_word' id='word_1_323' title='bbox 640 2070 696 2100; x_wconf 84' lang='lat' dir='ltr'>pro</span> <span class='ocrx_word' id='word_1_324' title='bbox 719 2061 877 2092; x_wconf 68' lang='lat' dir='ltr'>Muraena.</span> 
     </span>
     <span class='ocr_line' id='line_1_73' title="bbox 96 2100 878 2143; baseline 0.004 -14"><span class='ocrx_word' id='word_1_325' title='bbox 96 2100 211 2130; x_wconf 81' lang='lat' dir='ltr'>Consul</span> <span class='ocrx_word' id='word_1_326' title='bbox 237 2111 312 2131; x_wconf 90' lang='lat' dir='ltr'>curn</span> <span class='ocrx_word' id='word_1_327' title='bbox 338 2103 378 2131; x_wconf 91' lang='lat' dir='ltr'>D.</span> <span class='ocrx_word' id='word_1_328' title='bbox 397 2103 518 2140; x_wconf 84' lang='lat' dir='ltr'>Silano,</span> <span class='ocrx_word' id='word_1_329' title='bbox 536 2113 623 2134; x_wconf 84' lang='lat' dir='ltr'>anno</span> <span class='ocrx_word' id='word_1_330' title='bbox 643 2105 716 2143; x_wconf 84' lang='lat'>691.</span> <span class='ocrx_word' id='word_1_331' title='bbox 763 2103 878 2133; x_wconf 84' lang='lat' dir='ltr'>Caffio-</span> 
     </span>
     <span class='ocr_line' id='line_1_74' title="bbox 94 2143 878 2177; baseline 0.004 -5"><span class='ocrx_word' id='word_1_332' title='bbox 94 2143 199 2173; x_wconf 89' lang='lat' dir='ltr'>dorus.</span> <span class='ocrx_word' id='word_1_333' title='bbox 235 2144 298 2174; x_wconf 91' lang='lat' dir='ltr'>Dio</span> <span class='ocrx_word' id='word_1_334' title='bbox 321 2144 377 2177; x_wconf 84' lang='lat' dir='ltr'>lib.</span> <span class='ocrx_word' id='word_1_335' title='bbox 393 2146 515 2176; x_wconf 88' lang='lat' dir='ltr'>xxxvii.</span> <span class='ocrx_word' id='word_1_336' title='bbox 552 2146 704 2177; x_wconf 87' lang='lat' dir='ltr'>Ambitus</span> <span class='ocrx_word' id='word_1_337' title='bbox 721 2156 738 2177; x_wconf 79' lang='lat' dir='ltr'>a</span> <span class='ocrx_word' id='word_1_338' title='bbox 756 2146 878 2176; x_wconf 88' lang='lat' dir='ltr'>Catone</span> 
     </span>
     <span class='ocr_line' id='line_1_75' title="bbox 93 2185 878 2224; baseline 0.004 -9"><span class='ocrx_word' id='word_1_339' title='bbox 93 2192 123 2215; x_wconf 86' lang='lat' dir='ltr'>et</span> <span class='ocrx_word' id='word_1_340' title='bbox 139 2185 281 2224; x_wconf 79' lang='lat' dir='ltr'>Sulpicio</span> <span class='ocrx_word' id='word_1_341' title='bbox 294 2188 474 2223; x_wconf 76' lang='lat' dir='ltr'>accusatuS,</span> <span class='ocrx_word' id='word_1_342' title='bbox 490 2198 507 2218; x_wconf 92' lang='lat' dir='ltr'>a</span> <span class='ocrx_word' id='word_1_343' title='bbox 524 2189 678 2219; x_wconf 89' lang='lat' dir='ltr'>Cicerone</span> <span class='ocrx_word' id='word_1_344' title='bbox 692 2199 756 2219; x_wconf 86' lang='lat' dir='ltr'>cos.</span> <span class='ocrx_word' id='word_1_345' title='bbox 771 2190 878 2218; x_wconf 82' lang='lat' dir='ltr'>defen-</span> 
     </span>
     <span class='ocr_line' id='line_1_76' title="bbox 96 2229 845 2265; baseline 0.004 -7"><span class='ocrx_word' id='word_1_346' title='bbox 96 2229 155 2265; x_wconf 66' lang='grc' dir='ltr'>ἴῃς,</span> <span class='ocrx_word' id='word_1_347' title='bbox 171 2229 330 2260; x_wconf 83' lang='lat' dir='ltr'>absolutus</span> <span class='ocrx_word' id='word_1_348' title='bbox 347 2232 400 2263; x_wconf 80' lang='lat' dir='ltr'>est.</span> <span class='ocrx_word' id='word_1_349' title='bbox 425 2231 613 2263; x_wconf 81' lang='lat' dir='ltr'>Plutarchus</span> <span class='ocrx_word' id='word_1_350' title='bbox 630 2233 663 2262; x_wconf 88' lang='lat' dir='ltr'>in</span> <span class='ocrx_word' id='word_1_351' title='bbox 680 2233 845 2264; x_wconf 82' lang='lat' dir='ltr'>Cicerone.</span> 
     </span>
    </p>
   </div>
   <div class='ocr_carea' id='block_1_13' title="bbox 923 1846 1296 2221">
    <p class='ocr_par' dir='ltr' id='par_1_14' title="bbox 923 1846 1296 2221">
     <span class='ocr_line' id='line_1_77' title="bbox 924 1846 1296 1878; baseline 0 -2"><span class='ocrx_word' id='word_1_352' title='bbox 924 1847 960 1876; x_wconf 93' lang='lat' dir='ltr'>C.</span> <span class='ocrx_word' id='word_1_353' title='bbox 987 1847 1178 1878; x_wconf 79' lang='lat' dir='ltr'>LIC1NIUS</span> <span class='ocrx_word' id='word_1_354' title='bbox 1203 1847 1237 1876; x_wconf 91' lang='lat' dir='ltr'>L.</span> <span class='ocrx_word' id='word_1_355' title='bbox 1260 1846 1296 1877; x_wconf 87' lang='lat' dir='ltr'>F.</span> 
     </span>
     <span class='ocr_line' id='line_1_78' title="bbox 926 1899 1294 1920; baseline 0 -1"><span class='ocrx_word' id='word_1_356' title='bbox 926 1900 956 1920; x_wconf 84' lang='lat'>1..</span> <span class='ocrx_word' id='word_1_357' title='bbox 1003 1900 1036 1919; x_wconf 77' lang='lat' dir='ltr'>N.</span> <span class='ocrx_word' id='word_1_358' title='bbox 1091 1899 1115 1920; x_wconf 84' lang='lat' dir='ltr'>M</span> <span class='ocrx_word' id='word_1_359' title='bbox 1131 1899 1148 1920; x_wconf 91' lang='grc' dir='ltr'>υ</span> <span class='ocrx_word' id='word_1_360' title='bbox 1164 1901 1182 1919; x_wconf 75' lang='grc' dir='ltr'>ιι</span> <span class='ocrx_word' id='word_1_361' title='bbox 1194 1899 1219 1919; x_wconf 77' lang='lat' dir='ltr'>AE</span> <span class='ocrx_word' id='word_1_362' title='bbox 1231 1900 1250 1919; x_wconf 79' lang='lat' dir='ltr'>N</span> <span class='ocrx_word' id='word_1_363' title='bbox 1263 1900 1294 1920; x_wconf 78' lang='grc' dir='ltr'>Λ.</span> 
     </span>
     <span class='ocr_line' id='line_1_79' title="bbox 925 1932 1294 1971; baseline -0.005 -8"><span class='ocrx_word' id='word_1_364' title='bbox 925 1933 1024 1963; x_wconf 85' lang='lat' dir='ltr'>Hunc</span> <span class='ocrx_word' id='word_1_365' title='bbox 1051 1934 1166 1971; x_wconf 85' lang='lat' dir='ltr'>opinor</span> <span class='ocrx_word' id='word_1_366' title='bbox 1193 1932 1294 1963; x_wconf 85' lang='lat' dir='ltr'>Galli-</span> 
     </span>
     <span class='ocr_line' id='line_1_80' title="bbox 923 1975 1293 2014; baseline 0 -10"><span class='ocrx_word' id='word_1_367' title='bbox 923 1985 976 2004; x_wconf 90' lang='lat' dir='ltr'>am</span> <span class='ocrx_word' id='word_1_368' title='bbox 1044 1975 1293 2014; x_wconf 72' lang='lat' dir='ltr'>Transalpinam</span> 
     </span>
     <span class='ocr_line' id='line_1_81' title="bbox 925 2019 1291 2057; baseline 0.003 -11"><span class='ocrx_word' id='word_1_369' title='bbox 925 2028 979 2056; x_wconf 86' lang='lat' dir='ltr'>pro</span> <span class='ocrx_word' id='word_1_370' title='bbox 1005 2026 1136 2057; x_wconf 78' lang='lat' dir='ltr'>praetore</span> <span class='ocrx_word' id='word_1_371' title='bbox 1160 2019 1291 2047; x_wconf 87' lang='lat' dir='ltr'>obtinu-</span> 
     </span>
     <span class='ocr_line' id='line_1_82' title="bbox 924 2061 1296 2100; baseline 0 -10"><span class='ocrx_word' id='word_1_372' title='bbox 924 2061 988 2098; x_wconf 71' lang='lat' dir='ltr'>isse,</span> <span class='ocrx_word' id='word_1_373' title='bbox 1005 2061 1089 2100; x_wconf 84' lang='lat' dir='ltr'>quod</span> <span class='ocrx_word' id='word_1_374' title='bbox 1115 2071 1153 2090; x_wconf 82' lang='lat' dir='ltr'>ex</span> <span class='ocrx_word' id='word_1_375' title='bbox 1172 2061 1296 2090; x_wconf 83' lang='lat' dir='ltr'>Murae-</span> 
     </span>
     <span class='ocr_line' id='line_1_83' title="bbox 923 2104 1292 2134; baseline -0.003 -1"><span class='ocrx_word' id='word_1_376' title='bbox 923 2105 1020 2134; x_wconf 87' lang='lat' dir='ltr'>niana</span> <span class='ocrx_word' id='word_1_377' title='bbox 1036 2104 1198 2134; x_wconf 85' lang='lat' dir='ltr'>Ciceronis</span> <span class='ocrx_word' id='word_1_378' title='bbox 1221 2112 1292 2132; x_wconf 87' lang='lat' dir='ltr'>ora-</span> 
     </span>
     <span class='ocr_line' id='line_1_84' title="bbox 923 2145 1293 2187; baseline -0.005 -11"><span class='ocrx_word' id='word_1_379' title='bbox 923 2147 1008 2176; x_wconf 90' lang='lat' dir='ltr'>tione</span> <span class='ocrx_word' id='word_1_380' title='bbox 1024 2146 1130 2187; x_wconf 84' lang='lat' dir='ltr'>colligi</span> <span class='ocrx_word' id='word_1_381' title='bbox 1148 2145 1231 2187; x_wconf 80' lang='lat' dir='ltr'>poffe</span> <span class='ocrx_word' id='word_1_382' title='bbox 1244 2148 1293 2175; x_wconf 64' lang='lat' dir='ltr'>vi.</span> 
     </span>
     <span class='ocr_line' id='line_1_85' title="bbox 923 2190 1022 2221; baseline 0.01 -2"><span class='ocrx_word' id='word_1_383' title='bbox 923 2190 1022 2221; x_wconf 85' lang='lat' dir='ltr'>detur.</span> 
     </span>
    </p>
   </div>
  </div>
 </body>
</html>
