1572 2616
273 138 354 169 102
695 137 1037 167 ROMANORUM

269 218 419 258 Epitoma
434 218 537 249 lxxxi.
555 224 584 248 et
601 217 742 257 sequent.
788 218 955 258 Appianus
977 219 1092 258 primo.

267 261 409 292 Velleius
425 263 457 292 ii.
481 261 669 292 Plutarchus
686 262 718 291 in
735 262 813 297 vita,
832 268 862 291 et
881 261 994 292 Mario.
1023 261 1095 292 Flo-

269 314 321 334 rus
337 304 392 335 lib.
411 305 454 335 iii.
474 314 524 335 21.
553 305 723 344 Eutropius
739 305 819 334 libro
835 314 865 334 v.
897 305 1045 335 Lucanus
1062 305 1094 336 ii.

267 347 414 378 Valerius
434 348 491 378 lib.
508 348 552 378 ix.
571 357 601 378 2.
646 347 790 377 Diftator
812 347 995 387 reipublicae
1018 357 1096 378 con·

268 391 449 427 stituendae‚
465 400 552 420 anno
568 392 641 428 671.
688 390 951 430 Proscriptionem
975 391 1097 433 primus

269 434 302 463 in
331 434 565 473 rempublicam
593 434 732 464 induxit.
778 434 929 472 Legiones
954 435 985 462 in
1008 443 1098 472 agros

267 483 379 516 captos
402 477 544 507 deduxit.
590 476 707 506 Consul
728 486 770 512 11,
795 486 872 506 cum
891 477 932 507 Q.
951 477 1097 514 Metello,

268 529 356 550 anno
372 521 446 559 673.
491 519 702 550 Caffiodorus.
747 520 857 550 Cicero
879 520 1099 550 Accusationis

268 563 385 601 primo.
431 563 554 593 Gellius
570 573 624 593 xv.
648 564 698 594 28.
745 563 899 592 Ordinata
922 563 1096 602 republica,

268 605 416 643 Claud10,
439 606 572 636 Servilio
595 615 676 636 coss.
700 605 854 637 dietatura
876 605 906 635 se
929 606 1098 637 adecavit.

270 648 420 679 Mortuus
443 651 487 679 est
510 658 596 680 anno
620 649 810 687 insequenti,
833 649 965 688 Lepido,
983 649 1099 679 Catulo

270 700 352 723 coss.
366 702 468 722 annos
484 699 578 722 natus
595 693 646 722 60.
676 692 788 722 Honos
805 692 832 721 ei
849 701 868 721 a
883 692 990 721 senatu
1008 692 1100 722 habi-

269 741 334 771 tus,
352 742 387 765 ut
404 736 435 765 in
452 745 570 775 campo
586 735 704 765 Martio
720 734 910 775 sepeliretur.
951 735 1099 774 Epitoma

269 786 323 808 xe.
350 779 530 817 Appianus.
558 778 757 808 Plutarchus.
791 778 962 808 Suetonius
979 779 1011 808 in
1028 778 1099 808 Cae-

271 820 346 852 sare.
371 821 511 851 Velleius
527 820 710 852 Paterculus
727 832 735 851 ε
760 820 827 852 alii.

272 906 468 937 FAUSTUS
487 907 732 937 CORNELIUS
748 907 781 937 L.
796 907 830 936 F.
845 907 879 937 L.
893 906 936 937 N.
952 907 1098 938 SULLA.

271 949 433 980 Pontifex.
477 951 540 980 Dio
557 951 637 980 libro
654 951 768 980 xxxix.
808 950 931 980 Munus
948 950 1101 989 gladiato-

274 993 358 1023 rium
377 994 409 1023 in
427 995 523 1032 patris
539 993 679 1024 defuneti
695 994 852 1023 honorem
870 994 1029 1031 exhibuit,
1045 1003 1101 1033 po-

275 1035 353 1075 pulo
369 1037 515 1075 epulum,
528 1037 655 1071 balnea,
673 1043 703 1065 et
720 1036 829 1066 oleum
844 1037 941 1073 dedit,
957 1037 1100 1077 Afranio,

276 1079 410 1109 Metello
426 1089 507 1110 coss.
544 1081 607 1110 Dio
623 1080 703 1109 libro
719 1080 843 1109 xxxvii.
882 1080 1034 1109 Meminit
1051 1080 1104 1109 Ci-

271 1130 347 1151 cero
371 1123 403 1151 in
429 1123 608 1159 Vatinium,
634 1129 665 1152 et
688 1132 744 1162 pro
765 1122 864 1153 Sulla.
910 1123 1106 1161 Proquaestor

273 1164 360 1194 bello
377 1166 462 1194 civili
481 1166 687 1204 Pompeiano.
712 1165 822 1194 Cicero
839 1165 876 1194 ad
895 1166 1041 1194 Atticum
1060 1166 1104 1195 ix.

275 1207 390 1237 Quum
409 1209 477 1247 post
493 1208 616 1238 bellum
634 1208 779 1237 Africum
798 1208 829 1237 in
848 1208 1037 1247 Hispaniam
1054 1208 1104 1238 fu-

274 1258 373 1289 geret,
397 1260 416 1280 a
440 1251 470 1280 P.
492 1252 570 1281 Sitio
594 1258 719 1290 captus,
744 1251 865 1280 occisus
881 1252 936 1280 est.
983 1251 1106 1281 Hirtius

246 1310 248 1313 ν
274 1293 331 1323 lib.
348 1304 376 1324 v.
411 1295 475 1324 Dio
491 1294 547 1325 lib.
563 1295 641 1325 xliii.
677 1294 830 1325 Meminit
844 1294 946 1324 Caesar
962 1294 1000 1324 de
1016 1294 1105 1325 Bello

276 1336 363 1367 civili
380 1338 497 1377 primo.

1180 218 1305 250 linario.
1328 218 1462 250 Diolib.

1181 263 1292 293 xxxvi.
1365 263 1463 292 Asco-

1183 307 1255 336 nius
1284 306 1316 335 in
1345 305 1463 335 Corne-

1182 349 1316 378 lianam.
1352 349 1464 378 Cicero

1183 402 1240 431 pro
1251 391 1350 422 Sulla.
1365 391 1465 421 Hunc

1183 435 1295 464 Cicero
1319 434 1465 473 majesta-

1185 478 1224 507 tis
1252 478 1406 514 defendit,
1431 486 1467 506 ο-

1185 521 1307 550 ratione
1320 530 1393 559 quae
1407 521 1468 550 ho-

1185 564 1235 593 die
1251 571 1350 594 extat.

1322 606 1335 635 1

1185 649 1220 679 L.
1261 648 1467 678 CORNELI„

1189 702 1228 721 us
1259 701 1287 722 P.
1318 701 1346 723 P.
1375 701 1401 722 r.
1431 701 1466 722 N.

1187 744 1309 765 SULLA.
1348 734 1468 765 Consul

1186 788 1263 808 cum
1299 778 1336 808 C.
1363 777 1466 814 JuIio,

1186 831 1272 850 anno
1293 821 1363 860 748.
1396 821 1472 850 Cas-

1185 864 1336 894 fiodorus.
1370 863 1471 894 Plini-

1185 917 1223 937 us
1238 907 1293 937 lib.
1309 907 1363 937 vii.
1398 907 1470 937 Me-

1189 951 1286 980 minit
1301 950 1413 980 Cicero
1436 950 1470 980 in

1189 994 1331 1023 oratione
1391 1002 1448 1032 pro

1191 1036 1289 1067 Sulla.
1315 1035 1416 1066 Caesar
1432 1035 1472 1066 de

1190 1079 1279 1110 Bello
1292 1079 1377 1110 civili
1392 1078 1437 1109 iii.

275 1486 584 1518 LENTULORUM
710 1487 799 1517 SER.
817 1486 1063 1517 CORNELIUS
1082 1486 1154 1518 CN.
1172 1487 1205 1518 F.
1223 1487 1293 1517 CN.
1310 1487 1356 1517 N.
1371 1486 1472 1518 LEN—

278 1529 524 1562 FAMILIA.
713 1540 842 1561 τυιυς.
889 1530 1006 1560 Consul
1033 1540 1110 1560 cum
1140 1531 1173 1561 L.
1199 1531 1359 1570 Genucio,
1386 1539 1474 1560 anno

710 1581 784 1613 450.
811 1573 1021 1614 Caffiodorus.
1045 1574 1152 1603 Livius
1168 1573 1223 1604 lib.
1239 1584 1272 1604 x.

1087 1616 1098 1645 Ι

709 1659 766 1688 TI.
792 1658 1037 1688 CORNELIUS
1062 1659 1150 1689 SER.
1169 1659 1202 1688 F.
1220 1658 1289 1688 CN.
1307 1659 1349 1689 N.
1374 1658 1475 1689 LEN-

712 1711 841 1732 τυιυε.
866 1703 915 1732 De
932 1712 996 1742 quo
1012 1702 1093 1732 nihil
1110 1702 1307 1741 acecpimus.

1044 1800 1170 1832 κ-Λῆ

278 1842 313 1873 L.
331 1841 577 1872 CORNELIUS
601 1841 658 1871 ΤΙ,
680 1842 712 1870 F.
731 1841 819 1871 SER.
837 1841 882 1871 N.
900 1841 1062 1870 LENTU-

280 1895 357 1915 LUS.
404 1885 522 1915 Consul
548 1894 625 1913 cum
654 1885 712 1914 Μ’.
738 1885 846 1920 Curio,
875 1894 960 1913 anno
987 1886 1062 1923 478.

280 1928 491 1958 Caffiodorus.
529 1928 578 1957 Dc
596 1928 795 1957 Samnitibus
811 1934 840 1957 et
858 1928 995 1957 Lucanis
1013 1928 1065 1956 tri-

279 1971 464 2010 umphavit.
492 1970 613 2000 Plinius
630 1970 685 2000 lib.
703 1971 815 2000 xxxiii.
837 1980 862 1999 1.
898 1971 928 1999 L.
947 1970 1064 1999 Lentu-

279 2013 351 2044 lum
377 2023 441 2043 cos.
477 2014 542 2043 Ser.
564 2013 712 2043 Cornelio
738 2013 912 2049 Merendae,
938 2013 1065 2042 Samni-

280 2058 363 2086 tium
381 2057 499 2096 oppido
515 2063 621 2094 captO,
638 2065 792 2086 coronam
809 2056 921 2085 dediti'e
941 2055 1062 2085 scribit:

281 2109 348 2138 quo
380 2100 411 2128 in
440 2099 511 2128 loco
547 2100 706 2128 Pvlerendae
736 2108 856 2128 nornen
887 2098 1064 2137 suspefflum

282 2143 362 2172 mihi
388 2143 441 2172 est.
488 2143 639 2171 Antoniae
662 2143 751 2172 enim
774 2142 876 2180 gentis
900 2142 1065 2181 proprium

282 2185 371 2215 fuiss'e
388 2186 522 2214 videtur.

1150 1841 1239 1870 SER.
1271 1839 1475 1870 CORNELI-

1155 1893 1192 1913 us
1220 1893 1267 1913 τι.
1294 1893 1322 1912 r.
1345 1893 1418 1912 sna.
1437 1893 1472 1912 N.

1154 1935 1351 1956 LENTULUS.
1389 1926 1474 1955 Con-

1153 1969 1197 1999 I'ul
1223 1978 1299 1998 cuni
1328 1968 1384 1998 Μ’.
1409 1969 1477 1998 Cu-

1152 2013 1210 2047 rio,
1257 2020 1343 2040 anno
1397 2020 1474 2050 479.

1152 2054 1362 2084 Caffiodorus.

1047 2270 1172 2303 fax-³

283 2311 318 2342 L.
336 2311 579 2343 CORNELIUS
598 2313 631 2343 L.
649 2314 683 2343 F.
699 2314 756 2344 TI.
772 2314 814 2344 N.
832 2313 1062 2344 LENTULUS

254 2378 256 2380 v
283 2363 480 2386 cAunlNus.
525 2356 643 2387 Consul
667 2366 745 2387 cum
771 2357 811 2388 Q.
830 2357 954 2394 Fulvio,
977 2366 1064 2386 anno

1150 2313 1183 2343 P.
1229 2310 1473 2341 CORNELIUS

1152 2365 1182 2385 1..
1209 2365 1237 2385 r.
1262 2364 1311 2385 τι.
1332 2364 1365 2384 Ν.
1392 2363 1475 2384 LEN—
