1572 2616
167 164 199 208 4
619 162 906 195 PRAEFATm.

167 265 346 305 agrorum
376 265 419 291 ac
447 252 624 291 varietate
652 253 846 292 fruetuum
878 251 1023 290 caeteris
1052 251 1228 290 omnibus
1257 257 1363 290 ante-

162 318 303 357 cellere
319 318 527 355 videbatur.
556 317 611 354 Ea
631 329 798 367 namque
817 317 891 354 fuit
911 315 1246 366 antiquissimorum
1265 323 1367 353 tem·

163 395 302 433 porum
320 383 427 427 ratio,
447 383 695 432 gentiumque
714 383 890 418 omnium
910 380 1091 418 consensu
1104 386 1255 430 recepta
1273 391 1364 417 con-

163 446 337 491 suetudo,
359 446 385 482 fi
405 446 466 483 vel
492 446 733 483 multitudine
752 446 856 496 vulgi
884 450 1120 496 premeretur
1143 445 1283 488 civitas,
1303 443 1367 481 vel

164 512 245 562 agri
280 515 436 560 propter
471 510 701 547 sterilitatem
736 510 883 555 inculti,
923 515 1075 560 propter
1115 508 1366 558 pestilentiam

163 575 255 613 vasti
272 581 312 612 et
330 574 464 612 deserti
486 574 617 618 effent,
631 580 674 611 ut
687 574 864 624 quicquid
880 586 968 613 vere
981 573 1155 623 proximo
1175 585 1224 610 ex
1242 572 1368 609 homi-

165 639 290 684 nibus,
310 651 360 676 ex
378 638 498 683 suillo,
519 638 645 683 ovino,
661 638 813 687 caprino
827 637 1040 675 nasceretur
1059 648 1185 686 grege,
1205 636 1272 672 diis
1292 636 1367 672 im-

165 704 387 741 mortalibus
407 701 554 740 sacrum
571 708 774 739 voverent:
797 702 834 738 id
849 702 952 750 quod
971 701 1051 739 Ver
1071 699 1217 737 sacrum
1236 699 1369 748 appel-

163 768 256 805 lavit
272 768 480 816 antiquitas.
538 767 624 804 Fuit
654 766 735 803 haee
765 771 849 802 tum
879 765 979 814 quafi
1006 763 1236 800 deducendae
1263 763 1366 799 colo-

165 831 239 867 niae
274 831 369 867 ratio
401 830 589 879 quaedam.
646 830 882 866 Emittebant
916 840 937 865 e
972 827 1046 864 suis
1081 826 1218 863 finibus
1248 824 1365 862 fausta

165 895 398 931 ominatione
418 894 530 930 armis
551 893 765 929 instructam
787 891 1044 941 juventutem,
1066 902 1151 939 quae
1171 890 1366 938 regionem

166 964 207 994 et
231 957 335 994 sedes
364 957 431 993 fibi
460 964 663 1005 quaereret,
691 968 781 1004 quas
811 956 939 1004 patriae
965 955 1050 990 loco
1078 954 1247 996 haberet,
1268 959 1306 988 et
1327 952 1366 987 in

167 1021 304 1069 quibus
322 1020 560 1057 fortunarum
581 1020 816 1056 domicilium
842 1017 1079 1055 constitueret
1096 1032 1103 1052 ε
1136 1028 1220 1065 quae
1239 1027 1312 1059 res,
1330 1022 1370 1051 et

168 1082 379 1118 multarum
412 1084 585 1131 gentium
624 1083 878 1130 migrationes,
914 1086 953 1116 et
984 1080 1155 1115 crebram
1194 1078 1365 1115 locorum

167 1146 510 1182 commutationem
549 1145 706 1191 antiquis
746 1144 975 1191 temporibus
1011 1142 1168 1190 peperit.
1222 1140 1368 1178 Eadem

165 1212 272 1249 enim
302 1213 444 1247 ratione
478 1216 516 1246 et
550 1208 731 1252 Arcades,
765 1208 828 1256 qui
863 1206 1088 1255 Aborigines
1119 1205 1254 1241 deinde
1283 1205 1369 1242 disti

167 1274 266 1318 sunt,
277 1274 405 1310 sedem
419 1274 592 1310 omnium
605 1284 732 1308 rerum
745 1277 783 1307 et
794 1270 1033 1308 fortunarum
1044 1269 1196 1306 suarum
1209 1269 1248 1304 in
1261 1269 1368 1306 Latio

167 1338 415 1382 collocarunt,
436 1337 600 1373 sedecim
621 1344 706 1373 ante
727 1336 898 1372 aetatibus
918 1346 1033 1383 quam
1050 1333 1096 1369 ad
1115 1331 1271 1381 Trojam
1285 1331 1366 1370 bel-

167 1403 289 1440 latum
308 1403 371 1438 est.
402 1402 460 1438 Sic
482 1400 619 1450 Pelasgi
638 1412 687 1436 ex
705 1398 905 1443 Theffalia,
928 1397 1100 1434 Evander
1118 1409 1167 1433 ex
1182 1397 1358 1441 Arcadia,

169 1465 359 1504 Hercules
373 1478 421 1501 ex
437 1463 693 1514 Peloponneso
711 1465 748 1500 in
765 1463 917 1500 Latium
933 1463 1164 1512 migrarunt:
1188 1458 1293 1509 cujus
1313 1460 1369 1497 rei

169 1532 268 1568 testis
288 1531 354 1575 est,
373 1530 468 1566 libro
488 1530 754 1578 antiquitatum
781 1529 1040 1565 Romanarum
1066 1527 1204 1576 primo,
1222 1527 1368 1575 Diony-

169 1595 241 1631 fius
262 1593 573 1631 Halicarnaffeus.
632 1592 763 1629 Excisa
789 1592 926 1628 deinde
943 1598 982 1627 et
1000 1590 1167 1627 funditus
1186 1602 1208 1626 a
1228 1590 1369 1627 Graecis

169 1658 297 1696 eversa
321 1656 451 1707 Troja,
478 1669 598 1705 quum
618 1657 762 1693 AEneas
792 1655 988 1705 profugus,
1017 1666 1154 1703 magna
1184 1653 1369 1690 clientum

169 1735 302 1768 manu,
322 1723 361 1758 in
378 1722 537 1770 Libyam
565 1720 702 1769 primo,
721 1732 813 1756 mox
832 1719 872 1755 in
889 1718 1037 1755 Italiam
1065 1715 1275 1766 trajecisset,
1295 1717 1369 1754 La-

171 1788 326 1835 tinoque
355 1797 444 1835 rege
472 1790 622 1821 mortuo
649 1795 810 1833 regnum
837 1781 1063 1831 occupass'et,
1081 1780 1295 1818 transsatum
1322 1781 1370 1818 ad

170 1851 337 1899 Phryges
354 1850 556 1898 imperium
576 1848 642 1892 est,
665 1846 815 1884 exclusa
834 1846 1088 1896 Aboriginum
1109 1851 1236 1894 gente,
1257 1845 1370 1895 idque

169 1915 323 1964 posteris
351 1913 555 1962 proditum,
576 1912 622 1948 ad
648 1911 857 1948 Romulum
884 1910 1001 1959 usque
1025 1911 1157 1959 (quem
1177 1909 1369 1946 auctorem

172 1978 352 2021 nominis,
373 1983 411 2012 et
438 1977 540 2012 urbis
567 1976 802 2012 conditorem
832 1975 994 2011 Romani
1022 1973 1260 2021 nuncupant)
1282 1983 1368 2020 per-

171 2042 297 2079 venit:
331 2040 394 2089 qui
426 2052 515 2076 cum
547 2039 750 2076 Aimilium
786 2051 913 2083 avum,
945 2043 983 2074 et
1018 2037 1184 2073 Remum
1214 2035 1369 2072 fratrem

171 2117 242 2154 per
262 2104 450 2141 summam
465 2103 637 2140 fraudem
654 2102 795 2139 nefarie
811 2099 1014 2145 occidisset,
1035 2105 1073 2136 et
1091 2099 1227 2136 urbem
1245 2100 1283 2135 in
1300 2098 1370 2135 Pa-

171 2170 263 2207 latio
275 2169 453 2213 condidit,
471 2174 510 2204 et
522 2166 666 2212 senatu,
683 2167 843 2216 legibus,
853 2164 1081 2216 judiciisque
1092 2164 1368 2214 rempublicam

173 2236 352 2272 devinxit.
409 2234 506 2270 Haec
526 2233 661 2282 prima,
683 2237 725 2268 ut
744 2233 889 2281 opinor,
910 2237 948 2268 et
962 2230 1209 2280 antiquiffima
1229 2231 1369 2267 Roma-

172 2310 309 2336 narum
341 2298 512 2346 gentium
544 2296 649 2345 origo
681 2295 744 2332 est.
800 2295 906 2332 Nam
934 2302 972 2331 et
996 2294 1161 2332 Arcades
1186 2296 1246 2343 (ut
1272 2294 1370 2331 inter

173 2374 305 2402 omnes
335 2360 493 2409 constat)
521 2359 760 2410 antiquifiimi
788 2359 907 2400 Italiae
939 2359 1084 2411 populi,
1114 2364 1153 2397 et
1186 2357 1370 2409 Phryges,
