1572 2616
246 187 326 240 148
593 199 760 230 mnEx
795 200 850 230 IN
883 201 929 230 T.
957 202 1090 232 L1vu

240 279 399 318 Marcius,
414 278 541 311 illustris
555 286 657 318 vates,
673 280 805 321 ejusque
821 282 977 320 carmina,
997 292 1049 323 25,
1064 293 1114 314 12.
1132 282 1278 323 praedixit
1290 283 1440 316 Cannen-

287 324 353 354 sem
370 324 510 362 cladem,
529 323 602 354 ibid.
615 324 757 355 ‘alterum
773 324 841 364 ejus
857 327 1062 363 vaticinium,
1079 326 1151 357 ibid.

238 367 282 398 C.
307 367 464 406 Marcius,
492 367 675 399 adolescens
701 369 834 400 consilio
860 377 892 400 et
919 380 1020 400 manu
1057 378 1216 410 promtus,
1235 381 1266 408 2,
1293 380 1343 410 33.
1372 371 1441 409 ejus

283 412 430 442 maxime
446 421 542 452 opera
564 413 649 451 capti
667 412 798 450 Corioli,
815 413 887 444 ibid.
904 414 977 444 inde
1001 414 1029 443 ei
1053 423 1235 453 cognomen
1254 414 1439 452 Coriolano,

283 454 356 484 ibid.
375 454 443 492 ejus
466 455 581 486 odium
605 456 638 485 in
661 455 863 486 tribunitiam
879 458 1079 496 potestatem,
1099 464 1128 487 et
1151 464 1243 488 atrox
1270 458 1438 495 sententia,

285 507 337 538 34.
363 499 413 528 die
437 498 534 535 dieta,
552 499 741 536 damnatus,
767 500 800 529 in
818 500 948 530 Volscos
975 500 1160 531 exsulatum
1181 501 1260 538 abit,
1280 508 1331 540 35.
1347 501 1442 540 dolus

279 542 351 580 ejus
377 542 418 572 ad
441 543 651 572 concitandos
666 543 810 581 Volscos,
833 543 904 574 ibid.
922 551 950 573 et
973 552 1025 583 37.
1050 545 1222 584 imperator
1247 544 1440 575 Volscorum

281 585 410 624 legitur,
437 595 489 626 39.
512 596 559 616 res
581 586 650 624 ejus
675 587 768 626 'gestae
789 587 934 617 adversus
961 588 1140 625 Romanos,
1173 587 1245 618 ibid.
1276 589 1372 618 variae
1399 588 1439 618 ad

282 638 361 659 eum
377 629 566 668 legationes,
585 629 656 660 ibid.
673 639 692 660 a
715 637 818 660 matre
835 630 950 668 viftus,
968 631 1099 661 diicedit
1121 641 1161 661 ex
1185 641 1259 671 agro
1275 631 1439 669 Romano,

281 682 333 712 40.
351 673 420 710 ejus
436 682 536 711 mors,
550 672 622 703 ibid.
1458 698 1462 702 .

237 715 276 748 C.
293 716 447 753 Marcius,
466 716 614 747 tribunus
636 715 752 756 plebis,
769 716 855 746 diem
872 716 950 747 dicit
975 717 1016 747 Q.
1035 717 1147 755 Fabio,
1163 717 1250 757 quod
1265 717 1389 757 legatus
1405 718 1439 748 in

283 759 394 790 Gallos
407 766 518 789 contra
531 759 585 797 jus
598 762 745 799 gentium
762 760 940 800 pugnasset,
957 761 988 797 6,
1011 771 1038 791 1.

238 803 276 834 C.
293 802 435 833 Marcius
452 803 593 840 Rutilus,
611 803 736 840 consul,
754 804 846 833 viffls
862 804 1110 840 Privernatibus,
1127 804 1318 843 triumphat,
1337 811 1366 841 7,
1387 805 1438 835 16.

281 846 406 886 prlmus
437 847 476 876 de
512 846 605 886 plebe
629 846 775 884 difflator,
806 847 897 877 vietis
929 847 1079 883 Etruscis,
1106 847 1193 884 juffu
1221 847 1344 887 populi,
1373 846 1439 878 fine

279 889 467 920 auetoritate
482 890 625 926 Patrum,
650 891 842 930 triumphat,
870 898 899 927 7,
930 898 978 927 17.
1005 890 1115 921 consul
1139 891 1267 926 iterum,
1295 900 1347 921 21.
1374 891 1438 930 pri-

280 942 356 963 mus
378 934 416 963 de
440 933 532 972 plebe
555 933 678 971 censor,
699 943 750 964 22.
769 934 898 963 tertium
914 934 1038 970 consul,
1057 936 1108 965 28.
1133 940 1287 973 quartum
1312 931 1437 971 cor‘isul,

280 976 514 1013 conjurationis
530 977 677 1007 militaris
694 978 772 1007 vires
790 984 854 1007 arte
870 977 986 1017 spargit
999 984 1029 1007 et
1044 977 1181 1017 diffipat,
1197 978 1249 1016 38.
1266 984 1297 1007 et
1313 987 1365 1018 39.

234 1019 274 1050 C.
293 1020 447 1056 Marcius,
466 1021 614 1051 tribunus
631 1021 745 1060 plebis,
762 1032 794 1061 9,
814 1030 864 1058 3ο.

234 1063 274 1093 C.
293 1064 446 1100 Marcius,
464 1074 565 1103 augur
581 1072 719 1101 creatus,
736 1074 787 1101 10,
801 1073 834 1102 9.

235 1106 273 1137 C.
292 1107 434 1138 Marcius
452 1107 590 1141 Rutilus,
608 1107 731 1144 consul,
751 1119 783 1148 9,
803 1116 853 1145 33.
871 1108 957 1146 capit
971 1106 1085 1137 Allifas
1101 1107 1140 1136 de
1154 1106 1366 1142 Samnitibus,
1385 1108 1436 1144 38.

279 1150 466 1181 vulneratur
482 1152 514 1181 in
538 1151 651 1189 proelio
680 1160 757 1181 curn
784 1151 998 1187 Samnitibus,
1024 1150 1096 1180 ibid.
1126 1150 1273 1190 pontifex
1301 1157 1436 1187 creatur,

283 1203 334 1230 10,
354 1203 384 1232 9.
409 1194 518 1224 censor
534 1194 669 1223 lustrum
686 1193 812 1230 condit,
826 1201 879 1232 47.

237 1236 275 1268 C.
292 1238 435 1267 Marcius
460 1237 603 1276 figulus,
630 1244 754 1267 creatus
779 1244 906 1277 praetor,
929 1246 986 1276 43,
1007 1246 1056 1275 13.
1082 1236 1207 1266 sortitur
1223 1235 1365 1272 claffem,
1388 1243 1437 1274 17.

280 1280 397 1318 trajicit
414 1281 447 1310 in
464 1281 639 1318 Graeciam,
655 1290 710 1319 44,
728 1290 756 1310 1.
780 1289 857 1310 curn
882 1278 975 1309 clafl'e
992 1280 1025 1309 in
1051 1279 1280 1309 Macedoniam
1304 1286 1438 1309 conten-

279 1324 339 1360 dit,
357 1335 386 1355 2.
401 1323 663 1354 Theflalonicam
678 1324 788 1354 frustra
804 1330 984 1363 oppugnat,
1005 1332 1055 1352 10.

235 1367 272 1398 L.
290 1367 445 1404 Marcius,
458 1377 556 1407 eques
579 1368 759 1404 Romanus,
778 1367 983 1406 Scipionibus
1008 1364 1132 1402 occisis,
1149 1365 1214 1395 dux
1238 1375 1257 1395 a
1280 1364 1436 1407 militibus

279 1410 421 1450 eligitur,
439 1419 491 1450 25,
516 1418 567 1449 37.
591 1411 734 1440 hortatur
761 1411 831 1440 suos
854 1410 894 1440 ad
918 1409 1136 1449 oppugnanda
1157 1410 1298 1439 hostium
1323 1410 1435 1447 castra,

282 1455 334 1492 38.
348 1455 424 1484 bina
447 1455 546 1484 castra
565 1455 706 1484 hostium
731 1455 830 1494 capit,
849 1463 900 1493 39.
926 1453 1063 1483 flamma
1085 1453 1113 1482 ei
1142 1452 1351 1482 concionanti
1367 1452 1436 1483 fusa

279 1498 399 1528 dicitur
414 1508 431 1527 e
447 1498 564 1537 capite,
584 1497 655 1527 ibid.

324 1541 460 1571 scribens
483 1541 618 1577 senatui,
636 1540 664 1570 se
688 1546 914 1579 propraetorern
939 1545 1119 1578 nuncupat,
1147 1539 1233 1569 unde
1256 1538 1438 1569 multorum

281 1584 490 1615 offenduntur
513 1584 627 1619 animi,
654 1585 707 1619 26,
725 1593 752 1613 2.
778 1593 796 1612 a
818 1583 970 1622 Scipione
997 1591 1117 1620 magno
1141 1582 1318 1618 inhonore
1342 1582 1440 1612 habe-

283 1634 348 1664 tur,
370 1637 419 1665 19.
445 1627 484 1657 ad
509 1626 767 1666 oppugnandum
792 1625 1000 1656 Castulonem
1027 1625 1178 1662 mittitur,
1198 1625 1251 1662 28,
1279 1633 1329 1665 19.
1351 1624 1436 1664 capit

283 1671 435 1709 Astapam
452 1670 580 1707 urbem,
596 1679 646 1700 22.
663 1669 729 1698 vid.
744 1675 772 1698 et
790 1678 840 1708 34.
857 1676 884 1698 et
903 1676 954 1708 55.
972 1674 1000 1697 ct
1016 1678 1068 1706 32,
1088 1678 1118 1699 2.

239 1713 290 1744 M.
304 1714 459 1750 Marcius,
475 1722 531 1743 rex
548 1713 722 1747 sacrorum,
741 1712 886 1748 moritur,
904 1719 958 1748 27,
973 1711 1004 1741 6.

239 1757 288 1788 M.
306 1757 461 1794 Marcius,
490 1756 639 1786 tribunus
665 1756 808 1786 militum
840 1755 988 1785 secundae
1015 1753 1163 1794 legionis,
1195 1752 1383 1783 interficitur
1403 1754 1441 1783 in

283 1800 396 1841 proelio
411 1809 489 1830 cum
506 1799 604 1836 Boiis,
621 1805 672 1839 35,
687 1806 716 1839 5.

240 1845 289 1876 Μ.
307 1845 448 1874 Marcius
473 1842 577 1879 Ralla,
594 1849 717 1873 creatus
744 1848 873 1881 praetor,
891 1850 943 1881 29,
963 1850 1012 1870 11.
1040 1840 1163 1871 sortitur
1184 1838 1436 1877 jurisdiftionem

282 1887 455 1923 urbanam,
475 1896 524 1925 13.
540 1895 618 1916 curn
633 1885 744 1925 legatis
760 1883 1074 1924 Carthaginiensibus
1097 1883 1236 1914 mittitur
1255 1892 1273 1913 a
1289 1883 1438 1923 Scipione

281 1930 438 1966 Romam,
461 1938 514 1966 30,
538 1930 589 1967 38.

240 1974 290 2004 Μ.
309 1973 450 2004 Marcius
467 1973 590 2009 Sermo,
607 1971 753 2002 tribunus
770 1970 884 2010 plebis,
896 1980 951 2011 42,
970 1980 1022 2001 21.

239 2018 354 2048 Numa
370 2016 525 2053 Marcius,
542 2015 645 2046 Marci
662 2015 695 2045 F.
714 2014 859 2054 pontifex
875 2023 893 2043 a
916 2013 1029 2044 Numa
1050 2011 1210 2052 Pompilio
1233 2020 1274 2041 ex
1292 2010 1437 2041 Patribus

284 2059 397 2095 lefims,
418 2068 447 2096 1,
464 2068 515 2090 20.

239 2103 274 2133 P.
293 2103 436 2133 Marcius
453 2101 535 2138 Rex,
549 2101 686 2140 legatus,
702 2109 756 2140 43,
777 2110 804 2130 1.
1064 2139 1068 2144 .

242 2147 286 2177 Q,
302 2146 443 2176 Marcius
458 2144 631 2174 Tremulus
648 2142 758 2174 consul
775 2148 910 2177 creatur,
927 2150 959 2180 9,
976 2150 1029 2179 42.
1044 2149 1112 2178 ejus
1128 2149 1174 2170 res
1190 2140 1312 2179 egregie
1327 2141 1435 2180 gestae,

284 2199 337 2228 43.
354 2188 544 2227 triumphat,
561 2187 632 2218 ibid.
649 2187 677 2217 ei
695 2187 795 2217 statua
810 2185 958 2224 equestris
975 2184 1008 2214 in
1022 2184 1089 2214 foro
1106 2189 1181 2214 ante
1197 2183 1359 2223 templum
1376 2183 1436 2213 Ca-

285 2233 372 2262 floris
385 2233 523 2266 decreta,
542 2230 614 2259 ibid.

243 2275 286 2306 Q.
304 2275 446 2305 Marcius
463 2274 628 2313 Philippus
650 2277 773 2302 creatur
787 2276 914 2311 praetor,
937 2275 968 2300 et
993 2269 1118 2300 sortitur
1138 2269 1292 2303 Siciliam,
1314 2270 1367 2308 38,
1384 2276 1436 2309 35.

286 2318 411 2354 consul,
427 2327 480 2358 39,
499 2318 529 2347 6.
551 2318 578 2346 ei
602 2323 633 2345 et
657 2315 786 2354 collegae
814 2314 986 2343 mandatur
1006 2313 1138 2352 quaestio
1165 2313 1203 2342 de
1227 2311 1437 2342 Bacchanali-

286 2362 359 2395 bus,
378 2370 427 2399 14.
451 2361 518 2399 post
546 2359 734 2398 quaestiOnes
759 2357 909 2397 persectas
933 2357 965 2386 in
982 2356 1109 2395 Ligures
1124 2357 1279 2395 Apuanos
1297 2354 1436 2394 proficis-

286 2405 381 2439 citur,
398 2412 450 2433 20.
467 2402 717 2433 circumvenitur
742 2410 760 2431 a
785 2400 965 2439 Liguribus,
979 2399 1051 2429 ibid.
1068 2399 1108 2429 ab
1133 2399 1200 2436 ejus
1227 2397 1360 2428 nomine
1376 2397 1435 2427 sal—

283 2454 337 2477 tus
354 2446 494 2478 Marcius
509 2444 697 2487 appellatus,
714 2444 786 2474 ibid.
806 2443 929 2483 legatus
949 2442 989 2473 ad
1004 2451 1052 2474 res
1066 2441 1268 2473 Macedoniae
1286 2440 1435 2470 Graeciae-
