1572 2616
247 213 326 253 142
587 212 755 243 INDEX·
796 215 854 242 IN
891 216 937 243 T.
961 215 1093 245 LIVII

240 294 363 329 Maefia,
382 293 479 334 sylva,
501 303 526 327 ι,
545 303 597 332 33.

241 338 394 377 Magaba,
414 346 520 373 monS,
541 339 593 376 38,
613 341 662 378 19.
677 344 790 377 petunt
804 347 881 368 eum
896 338 1059 379 TeEtosagi
1076 339 1175 376 Galli,
1193 341 1265 371 ibid.

240 382 401 421 Magalus,
418 381 543 417 regulus
566 381 729 418 Boiorum,
750 391 802 417 21,
822 392 872 422 29.

239 424 388 464 Magister
403 425 551 463 equitum
570 425 704 463 primus,
721 425 774 464 Sp.
792 425 926 462 CaffiuS,
945 435 976 461 2,
994 426 1044 455 18.

235 484 280 492 ·--
296 470 417 507 primus
435 468 473 496 de
489 467 592 506 plebe,
609 467 645 497 C.
661 468 815 505 Licinius,
834 469 865 504 6,
881 477 934 506 39.

237 511 390 551 Magistro
406 512 553 550 equiturn
577 520 654 541 curn
682 511 833 541 diEtatore
860 517 1026 551 aequatum
1052 511 1238 552 imperium,
1257 522 1310 550 22,
1329 523 1381 553 25.
1398 522 1428 544 et

283 557 336 586 26.
353 555 418 584 fine
432 555 582 593 magistro
594 555 742 593 equitum
759 555 904 592 dietator,
924 564 976 593 23,
995 565 1046 585 22.
1062 563 1093 585 et
1111 565 1161 594 23.

236 597 388 637 Magister
399 598 578 636 juventutis
605 597 730 628 Faliscae
754 599 857 638 prodit
880 608 1006 638 puer03‚
1024 605 1055 638 5,
1073 606 1124 636 27.
1148 599 1281 629 caeditur
1296 599 1390 639 virgis
1413 610 1431 630 a

280 642 398 681 pueris,
414 641 485 671 ibid.
509 641 574 671 vid.
590 648 618 670 et
630 651 685 680 42,
697 651 751 681 47.

236 685 440 723 Magistratus
463 684 595 721 curulis,
612 694 645 723 4,
665 693 693 721 7.
711 694 814 723 quum
838 684 903 714 fine
927 684 1110 724 magistratu
1135 684 1238 715 curuli
1255 685 1430 726 respublica

278 728 364 763 esset,
381 735 506 757 creatur
521 729 670 764 interrex,
689 728 760 758 ibid.
784 727 851 757 vid.
867 735 894 757 et
910 728 1049 758 Curulis.

234 788 278 795 ——
293 771 436 811 plebeius
453 771 560 800 nullus
576 772 739 810 auspicato
755 777 889 808 creatur,
908 772 940 808 6,
957 781 1010 811 41.

235 831 279 837 -—
293 824 429 853 magnos
445 815 536 844 (lecet
552 814 612 844 effe
630 815 738 844 minus
754 815 936 852 diuturnos,
953 826 987 853 4,
1007 824 1058 853 24.

233 858 438 897 Magistratus
462 867 527 887 non
551 858 706 887 creandus
730 857 794 887 fine
819 858 1054 897 provocatione,
1073 867 1104 896 3,
1121 863 1173 897 55.
1198 857 1251 895 qui
1270 857 1334 888 fine
1358 858 1429 888 Ma·

274 902 402 940 gistratu
428 911 495 930 rem
521 900 621 940 gestit,
651 901 849 939 triumphare
874 910 938 930 non
965 901 1076 940 potest,
1104 902 1156 936 28,
1183 902 1233 938 38.
1260 901 1293 931 L.
1318 908 1428 931 tamen

275 944 445 981 Lentulus,
469 945 524 983 qui
549 944 613 973 sine
638 944 824 982 Magistratu
843 953 910 973 rem
926 945 1057 983 geflerat
1079 944 1112 973 in
1137 944 1305 984 Hispania,
1329 954 1430 975 ovans

276 988 390 1017 urbem
409 988 594 1025 ingreditur,
613 997 664 1025 31,
684 996 732 1018 20.

232 1030 457 1069 Magistratum
474 1031 600 1071 gesturi,
617 1032 698 1060 intra
721 1031 874 1070 quintum
888 1030 973 1060 diem
992 1031 1023 1060 in
1039 1028 1239 1069 legesjurare
1255 1030 1426 1068 debebant,

276 1083 328 1112 31,
345 1082 395 1113 50.

230 1117 432 1156 Magistratus
446 1116 525 1146 duos
538 1116 664 1147 curules
681 1127 765 1147 unus
779 1126 839 1146 nec
855 1126 965 1156 capere
979 1117 1090 1156 potest,
1103 1125 1162 1145 nec
1176 1125 1291 1154 gerere,
1308 1125 1360 1156 39,
1374 1126 1425 1154 39.

229 1160 453 1197 Magistratum
481 1160 635 1190 eumdem
663 1160 745 1189 intra
770 1161 882 1189 decem
909 1169 1011 1188 annos
1035 1168 1101 1188 non
1129 1159 1336 1198 capiendum,
1360 1159 1427 1199 ple-

272 1203 392 1233 biscitis
408 1209 555 1239 cautum,
575 1211 606 1241 7,
622 1213 676 1242 42.
692 1204 757 1233 duo
780 1203 981 1241 Magistratus
1006 1211 1071 1231 uno
1094 1211 1180 1231 anno
1196 1212 1263 1231 non
1281 1203 1424 1241 gerendi,

273 1246 345 1276 ibid.

230 1289 432 1328 Magistratus
456 1295 487 1319 et
520 1289 676 1319 senatores
712 1289 886 1328 pecuniam
908 1288 1018 1328 sponte
1043 1288 1212 1318 conferunt
1235 1287 1274 1317 ad
1299 1288 1427 1328 supple-

272 1340 423 1363 mentum
439 1332 553 1370 claffis,
569 1333 622 1369 26,
639 1334 691 1371 36.

228 1377 430 1415 Magistratus
448 1378 586 1406 minores
604 1376 717 1405 Rornae
734 1375 903 1405 circumire
919 1373 1041 1414 vigilias
1055 1373 1141 1411 juffi,
1159 1383 1211 1412 32,
1230 1373 1280 1403 26.
1299 1383 1352 1414 39,
1373 1375 1424 1404 16.

230 1420 431 1458 Magistratus
454 1420 561 1449 cuneli
584 1420 668 1449 circa
695 1420 807 1448 omnia
830 1418 1008 1457 pulvinaria
1023 1418 1161 1446 vie'timis
1185 1416 1359 1454 majoribus
1376 1418 1423 1448 sa-

270 1464 429 1499 crificant,
447 1463 663 1502 prodigiorum
681 1462 955 1501 procurandorum
972 1460 1085 1494 caufl'a,
1101 1470 1156 1500 43,
1177 1469 1227 1500 15.

226 1506 473 1545 magistratuum
497 1506 722 1536 Romanorum
746 1505 845 1544 prisca
869 1504 1034 1541 modestia,
1048 1514 1104 1544 42,
1125 1514 1151 1534 1.
1176 1503 1306 1533 avaritia
1321 1509 1353 1533 et
1369 1503 1421 1535 su-

269 1549 390 1589 pezbia,
407 1559 461 1588 43,
480 1560 508 1579 2.
534 1548 715 1584 crudelitas,
730 1558 761 1587 4.
779 1554 810 1577 et
824 1548 854 1577 6.

225 1593 470 1627 Magistratuum
486 1592 556 1622 libri
574 1592 675 1627 citati,
689 1601 723 1630 4,
743 1601 792 1621 20-
819 1600 872 1629 39,
892 1598 943 1628 52.

222 1636 461 1674 Magistratibus
477 1635 626 1665 ineundis
643 1634 804 1663 sollemnis
821 1634 897 1663 dies.
909 1631 976 1662 vid.
993 1631 1081 1662 Anni
1103 1630 1277 1661 consularis
1301 1630 1420 1670 princi.

266 1680 369 1718 pium.

222 1723 283 1752 Cn.
302 1723 428 1759 Magius
447 1719 641 1756 Amenanus,
656 1729 708 1758 24,
729 1729 779 1760 19.

223 1766 283 1795 Cn.
302 1766 429 1804 Magius
447 1765 529 1800 Cilo,
547 1763 612 1793 vid.
629 1763 712 1802 Epit.
733 1770 804 1802 115.

221 1808 302 1837 Dec.
322 1808 420 1846 Magii
445 1808 603 1846 Campani
627 1807 774 1836 constans
796 1813 869 1843 erga
891 1804 1056 1833 Romanos
1072 1803 1161 1839 fides,
1178 1811 1228 1840 23,
1246 1807 1275 1838 7.
1291 1802 1418 1834 vineias

266 1852 299 1880 in
315 1850 483 1880 Annibalis
499 1851 598 1880 castra
612 1850 753 1883 ducitur,
775 1859 822 1879 10.
839 1848 912 1877 navi
937 1847 1164 1885 Carthaginem
1189 1845 1311 1884 miffus,
1335 1853 1417 1876 tem-

266 1895 382 1933 pestate
399 1895 495 1923 fertur
516 1894 668 1933 Cyrenas,
687 1892 758 1922 ibid.
775 1892 964 1929 confugiens
987 1891 1026 1919 ad
1050 1891 1186 1919 statuam
1212 1889 1290 1927 regis
1313 1889 1417 1919 Ptole-

264 1938 339 1966 maei
358 1937 518 1974 liberatur,
536 1937 608 1966 ibid.
632 1945 761 1966 manere
783 1934 909 1964 mavult
932 1935 964 1963 in
980 1934 1135 1973 AEgypto,
1152 1942 1251 1971 quam
1268 1932 1366 1962 redire
1382 1933 1415 1962 in

265 1980 405 2017 Italiam,
424 1979 493 2009 ibid.

221 2023 397 2062 Magnesia,
417 2023 489 2052 urbs
506 2022 595 2060 super
612 2021 830 2057 Maeandrum,
847 2020 933 2049 dedit
946 2020 975 2049 se
989 2019 1158 2054 Romanis,
1175 2025 1226 2055 37,
1244 2024 1298 2057 45.

221 2066 397 2104 Magnesia,
415 2066 488 2095 urbs
509 2066 550 2095 ad
576 2065 737 2104 Sipylum,
764 2065 816 2101 36,
839 2073 893 2102 43.
917 2070 969 2101 37,
991 2071 1040 2092 10.
1068 2071 1115 2090 11.
1140 2067 1170 2090 et
1194 2069 1244 2099 37.
1274 2060 1303 2090 se
1328 2060 1416 2091 dedit

264 2110 432 2145 Romanis,
450 2117 502 2147 37,
518 2118 570 2147 44.
597 2108 733 2137 Eumeni
746 2116 764 2136 a
783 2107 937 2136 Romanis
950 2105 1112 2140 tribuitur,
1125 2104 1175 2143 56.

221 2153 394 2192 Magnelia,
411 2153 545 2181 Graeciae
563 2160 659 2187 regio,
674 2161 728 2188 42,
746 2157 796 2188 54.
813 2159 868 2188 44,
890 2158 939 2177 11.

220 2196 478 2234 Magnetarches,
495 2197 640 2223 lummus
657 2194 848 2231 Magnetum
865 2191 1076 2230 magistratus,
1097 2196 1149 2229 35,
1168 2197 1218 2226 31.

219 2240 387 2279 Magnetes
411 2239 664 2277 pronunciantur
688 2236 789 2271 liberi,
815 2245 867 2273 33,
894 2244 944 2272 32.
968 2240 999 2262 et
1025 2242 1075 2272 34.
1099 2242 1211 2262 eorum
1235 2231 1422 2262 conciliumv

260 2282 475 2315 Demetriade,
492 2288 544 2321 35,
563 2289 612 2318 31.
627 2280 665 2308 ad
683 2279 850 2315 Magnetes
866 2277 1044 2316 legatorum
1062 2276 1284 2306 Romanorum
1298 2275 1410 2312 oratio,

261 2325 331 2353 ibid.
350 2334 402 2353 eos
418 2325 529 2353 frustra
545 2330 644 2353 tentat
659 2322 698 2352 T.
715 2322 882 2358 Quintius,
900 2329 951 2360 39.

219 2368 330 2407 Magni
348 2367 477 2406 Campi,
495 2368 597 2403 locus,
614 2375 665 2404 30,
679 2366 710 2395 8.

219 2412 329 2450 MagO,
345 2410 437 2439 frater
453 2409 635 2443 Annibalis,
655 2418 706 2445 21,
723 2415 775 2447 47.
793 2406 904 2447 proelio
927 2406 965 2435 ad
982 2405 1133 2435 Trebiam
1157 2405 1189 2434 in
1207 2403 1326 2433 insidiis
1342 2402 1409 2432 col-

260 2454 395 2491 locatur,
412 2461 463 2493 54.
481 2454 514 2483 in
537 2451 695 2482 Cannensi
713 2460 823 2492 pugna
848 2450 990 2481 mediam
1016 2449 1120 2479 aciem
1144 2457 1222 2478 cum
1244 2445 1407 2477 Annibale
