1572 2616
261 165 318 221 36

682 174 1019 203 ROMANORUM

436 255 486 284 M.
517 246 674 284 JUNlU's
705 253 762 283 *Β
793 252 858 283 w.
881 254 1047 293 Tarquinii
1077 253 1167 283 Prisci
1198 254 1277 293 regis

433 297 535 327 filiam
551 296 763 335 Tarquiniam
779 306 911 326 uxorem
930 298 1042 326 duxit:
1067 307 1085 326 a
1101 297 1278 336 Tarquinio

435 341 579 380 Superbo
593 339 715 369 occisus
731 341 785 369 est.
830 339 1003 380 Dionyfius
1017 340 1072 369 lib.
1091 340 1131 369 iv.

478 427 604 459 ΓΜ

261 471 310 501 Μ.
327 470 486 500 JUNIUS
517 469 566 498 M.

262 525 289 544 F.
324 520 381 543 «Ἤ.
430 514 467 542 Α.
483 512 563 542 Tar-

258 557 370 596 quinio
387 564 463 586 cum
477 562 562 594 patre

258 599 425 630 occiditur.
485 599 563 628 Dio-

258 642 365 684 nysius
381 641 500 672 aufitor.

634 468 665 496 L.
683 467 840 498 JUNIUS
866 467 913 498 M.
929 469 963 498 F.
990 469 1054 498 *N.
1081 468 1270 503 BRUTUS,'
1285 467 1448 507 summam

630 511 832 550 prudentiam
855 510 1055 541 simulatione
1072 512 1210 541 stultitiae
1226 511 1316 541 texit.
1361 508 1447 538 Cum

629 554 704 584 Sex.
715 554 908 593 Tarquinius
921 555 1074 584 Lucretiae
1089 556 1155 584 vim
1172 553 1334 590 intulisset,
1344 561 1450 591 popu·

629 598 699 626 lum
724 597 908 627 Romanum
934 599 973 627 ad
996 598 1176 628 libertatem
1193 595 1448 635 recuperandum

629 641 774 670 hortatus
789 641 845 678 est,
858 649 964 679 regem
977 650 1054 670 cum
1071 640 1247 679 Tarquinia
1262 645 1356 679 gente
1372 637 1451 667 urbe

626 683 761 722 expulit,
779 684 943 713 civitatem
969 691 1120 722 perpetuo
1146 683 1313 712 dominatu
1338 681 1448 710 libera-

627 733 707 761 tam,
728 727 958 765 magistratibus
969 727 1097 762 annuis,
1110 726 1243 764 legibus,
1257 723 1449 762 judiciisque

625 769 780 799 devinxit.
827 769 966 808 Collegae
996 769 1049 799 suo
1070 769 1247 807 Tarquinio
1271 767 1444 801 Collatino,

624 812 758 850 quicum
776 813 898 851 primus
916 819 1040 842 creatus
1055 813 1165 842 consul
1182 818 1258 847 erat,
1278 820 1363 840 anno
1379 810 1447 848 post

627 855 768 884 Romam
792 855 956 885 conditam
982 865 1053 894 244.
1079 863 1114 885 ut
1138 865 1153 884 e
1181 855 1308 883 civitate
1337 851 1448 890 regalis

623 898 764 927 nominis
789 899 946 928 memoria
970 898 1142 934 tolleretur,
1167 898 1340 936 imperium
1357 894 1450 925 abro-

624 940 720 979 gavit.
767 940 895 970 Bellum
919 950 975 980 pro
1000 942 1099 980 patria
1121 951 1198 971 curn
1220 939 1402 978 Tarquiniis
1418 944 1449 967 et

624 984 742 1013 Latinis
766 983 865 1021 geffit,
879 991 973 1022 atque
997 985 1029 1013 in
1057 985 1124 1014 acie
1148 985 1187 1015 ab
1209 984 1342 1016 Arunte‚
1368 981 1448 1020 regis

622 1026 789 1064 Tarquinii
806 1027 837 1055 F.
855 1027 976 1056 occisus
989 1029 1042 1057 est.
1059 1027 1230 1066 Dionyfius
1243 1026 1297 1055 lib.
1312 1025 1352 1054 iv.
1367 1032 1398 1054 et
1415 1033 1445 1053 v,

624 1070 731 1099 Livius
749 1069 768 1098 i.
783 1076 814 1098 et
830 1070 862 1099 ii.
876 1069 1064 1099 Plutarchus
1088 1072 1119 1099 in
1138 1068 1309 1109 Poplicola.
1333 1068 1444 1097 Cicero

626 1113 659 1142 in
678 1113 798 1141 Bruto:
825 1113 858 1141 in
873 1113 1016 1142 Catone:
1044 1113 1221 1152 Philippica
1239 1112 1361 1150 prima:
1377 1110 1445 1140 Tu-

622 1154 752 1184 sculana
768 1155 870 1193 prima
885 1162 915 1184 et
932 1162 1053 1194 quarta.
1101 1156 1248 1194 Virgilius
1265 1155 1304 1183 vi.
1350 1152 1444 1182 Vale-

623 1198 687 1227 rius
703 1197 756 1227 lib.
768 1207 797 1226 v.
813 1198 842 1227 6.
857 1203 888 1227 et
904 1197 959 1227 lib.
971 1199 1023 1227 vii.
1036 1209 1065 1236 3.
1091 1199 1229 1229 Velleius
1249 1197 1362 1236 primo.
1382 1196 1445 1225 Eu—

624 1242 755 1279 tropius.
771 1240 979 1271 Caffiodorus.
997 1241 1148 1273 Zonaras.
1164 1243 1228 1273 alii.

874 1360 999 1392 και-η

254 1401 293 1432 Τ.
307 1401 466 1431 JUNmS
486 1401 519 1430 L.
539 1401 572 1430 F.
591 1401 638 1430 M.
654 1400 698 1430 N.
715 1400 899 1432 BRUTUS.
979 1402 1035 1433 TI.
1051 1403 1208 1433 JUNIUS
1227 1404 1261 1433 L.
1278 1404 1311 1434 F.
1330 1404 1377 1434 M.
1395 1404 1437 1433 N.

330 1439 341 1453 ¹
514 1444 544 1472 A
567 1450 666 1482 patre,
690 1450 816 1482 propter
838 1444 1094 1482 conjurationem
1118 1447 1156 1476 de
1179 1447 1271 1477 redu-

513 1486 622 1515 cendis
647 1486 679 1515 in
705 1496 838 1525 regnum
863 1488 1057 1526 Tarquiniis,
1081 1490 1176 1519 securi
1201 1500 1267 1528 per-

512 1529 589 1558 cuffi
605 1530 687 1559 sunt.
711 1529 882 1570 Dionysius
905 1530 961 1560 lib.
976 1541 1005 1561 v.
1038 1533 1145 1562 Livius
1162 1532 1216 1562 lib.
1233 1533 1266 1562 ii.

513 1571 655 1601 Valerius
683 1572 739 1602 lib.
766 1582 796 1602 v-
827 1574 856 1603 8.
895 1573 1081 1605 Plutarchus
1103 1576 1135 1604 in
1164 1575 1267 1614 Popli-

515 1614 596 1644 cola.
