1572 2616
424 145 797 178 HISTORIARUM
834 145 1039 175 LIBROS.
1247 140 1323 188 151

172 227 378 267 perandoque
393 233 527 268 paterno
542 235 640 266 regno
652 227 695 257 est
710 225 795 260 usus,
812 225 884 256 ibid.
900 226 986 266 capit
999 223 1182 265 Thapsum,
1198 224 1328 262 urbem,

174 280 225 309 30.
251 272 284 301 in
306 280 384 301 eum
406 269 588 301 stimulatur
609 270 649 300 ab
665 269 840 301 Asdrubale
863 270 1010 310 Syphax,
1030 278 1082 308 31.
1098 268 1238 298 vincitur
1255 268 1330 299 Ma-

173 313 276 344 smiffa
291 323 310 343 a
325 314 485 354 Syphace,
502 313 574 345 ibid.
598 313 737 353 profugit
760 314 793 342 in
810 319 960 343 montem
977 312 1130 347 Balbum,
1149 310 1222 341 ibid.
1246 311 1329 341 Boc-

171 359 249 386 char
265 358 404 387 mittitur
418 357 564 387 adversus
577 355 787 395 Mafinifl'am,
806 365 858 395 32.
874 357 928 395 qui
945 357 1099 392 vincitur,
1114 355 1166 384 sed
1182 355 1323 384 circum-

170 408 286 430 ventus
301 409 380 430 cum
402 400 473 431 solis
495 407 633 440 quatuor
654 399 817 439 equitibus
839 400 978 439 aufugit,
992 398 1066 429 ibid.
1089 396 1186 428 insilit
1209 396 1244 427 in
1263 397 1326 428 flu-

171 443 272 476 vium,
291 443 377 474 unde
398 453 476 474 cum
499 444 625 474 duobus
641 443 787 482 emergit,
801 442 873 473 ibid.
889 443 921 473 in
945 441 1074 473 occulta
1091 441 1244 481 spelunca
1258 440 1332 471 vul·

173 495 234 515 nus
250 494 352 523 curat,
370 486 443 517 ibid.
459 487 572 527 repetit
585 496 733 526 regnum,
749 485 823 516 ibid.
848 487 981 527 Syphax
997 486 1030 515 in
1047 495 1125 515 eum
1148 483 1330 522 contendit,

171 537 314 568 eumque
330 530 444 566 vincit,
462 539 514 569 33.
536 540 616 560 cum
633 530 762 560 modica
778 539 879 560 manu
897 529 1062 560 Mafiniffa
1077 529 1118 558 ad
1141 528 1330 568 Scipionem

171 573 271 608 venit,
287 572 359 603 ibid.
384 573 586 603 Hannonem
602 574 641 603 ad
659 583 805 613 pugnarn
820 572 919 609 elicit,
938 582 990 611 34.

215 615 372 656 Syphacis
394 617 495 646 castra
518 617 675 653 incendit,
693 626 747 655 30,
762 623 792 656 5.
817 616 979 646 Mafinifl‘a
1000 624 1137 655 regnum
1152 620 1330 654 recuperat,

176 667 186 687 1
199 668 225 688 1.
250 658 499 698 Sophonisbam‚
517 660 675 700 Syphacis
699 669 848 696 uxorem,
868 660 971 697 ducit,
998 669 1046 690 12.
1063 659 1105 689 ob
1121 657 1331 698 Sophoniibae

172 702 303 740 nuptias
327 711 346 732 a
368 703 520 742 Scipione
543 702 797 742 reprehenditur,
819 712 867 742 14.
891 701 960 740 ejus
983 702 1140 738 anxietas,
1162 708 1210 742 15.
1233 710 1334 731 vene-

171 753 253 775 num
276 746 310 775 in
334 746 454 784 poculo
476 746 517 776 ad
541 746 776 786 Sophonisbam
800 745 914 782 mittit,
930 745 1004 776 ibid.
1020 744 1223 785 ampliffimis
1238 744 1332 774 donis

172 797 191 817 a
215 787 248 818 P.
265 788 417 828 Scipione
442 790 592 826 donatur,
610 789 682 819 ibid.
700 788 769 826 ejus
792 787 888 829 legati
912 789 946 819 in
969 789 1117 819 senatum
1139 788 1331 818 Romanum

172 831 356 869 introdueti,
387 839 436 870 17.
472 831 671 863 Mafinifl'am
701 832 800 868 Cirta,
826 832 959 872 oppido,
995 831 1179 870 caeterisque
1205 831 1334 871 oppidis

172 874 317 913 agrisque
332 875 373 905 ad
389 885 525 915 regnum
542 882 714 916 paternum
730 875 874 914 adjectis,
891 875 990 905 donat
1006 875 1129 915 Scipio,
1146 885 1199 914 44.

216 917 245 947 ei
259 917 461 956 gratulantur
477 919 631 958 Romani,
647 926 679 950 et
694 920 780 949 dona
791 919 939 956 mittunt,
956 928 1010 959 31,
1032 929 1043 949 1
1054 928 1080 949 1.
1095 919 1197 949 mittit
1210 917 1334 948 Roma-

148 985 150 988 ,
176 960 225 990 nis
237 960 371 998 auxilia,
390 971 438 1002 19.
454 969 485 992 et
502 972 555 1001 32,
575 970 628 999 27.

213 1004 387 1043 populatur
408 1014 522 1043 agrum
545 1004 873 1045 Carthaginiensium,
887 1011 919 1035 et
942 1005 1098 1044 quasdam
1121 1005 1216 1036 urbes
1230 1003 1336 1035 vecti-

172 1046 258 1086 gales
272 1056 386 1078 eorum
402 1047 458 1078 sibi
474 1049 560 1088 cogit
576 1049 771 1088 stipendium
788 1049 940 1088 pendere,
957 1057 1013 1088 34,
1027 1049 1082 1080 62.

214 1090 334 1129 legatos
359 1090 499 1121 Romam
527 1092 639 1130 mittit,
659 1092 712 1131 36,
732 1101 764 1131 4.
792 1090 962 1131 pollicetur
985 1092 1189 1122 frumentum
1207 1096 1239 1122 et
1253 1091 1332 1121 hor-

172 1132 285 1171 deum,
303 1133 375 1164 ibid.
389 1141 418 1163 εί
433 1144 489 1174 43,
507 1135 536 1165 8.

214 1176 282 1214 ejus
296 1186 374 1208 cum
388 1176 703 1217 Carthaginiensibus
716 1177 754 1208 de
767 1186 856 1218 agro,
870 1186 969 1218 quem
982 1176 1044 1208 illis
1059 1178 1236 1216 ademerat,
1252 1185 1332 1208 con-

171 1220 345 1257 tentiones,
363 1230 417 1260 40,
439 1228 488 1258 17.
504 1221 571 1252 vid.
588 1227 616 1250 et
634 1230 689 1261 34.

215 1262 255 1292 de
278 1273 317 1293 eo
342 1263 437 1303 legati
465 1263 778 1304 Carthaginiensium
794 1270 973 1304 queruntur
999 1265 1032 1295 in
1060 1264 1185 1301 senatu,
1201 1274 1258 1303 42,
1279 1273 1335 1303 23.

171 1306 273 1336 mittit
297 1306 403 1337 filium
426 1307 521 1338 suum
546 1308 702 1345 Romam,
720 1309 774 1348 qui
799 1308 910 1348 legatis
926 1308 1104 1347 respondet,
1121 1307 1195 1338 ibid.
1210 1307 1334 1339 auxilia

172 1357 251 1379 cum
267 1348 459 1388 elephantis,
474 1351 739 1390 Misagenemque
755 1351 860 1381 filium
884 1352 1011 1382 mittere
1034 1352 1192 1382 Romanis
1207 1351 1248 1383 ad
1263 1350 1332 1382 bel—

170 1390 243 1422 lum
260 1392 419 1424 Persicum
436 1401 538 1434 parat,
555 1404 607 1434 29.
620 1395 686 1425 vid.
701 1401 729 1424 et
747 1403 798 1435 35.
812 1402 840 1425 et
855 1402 911 1435 45,
932 1404 982 1434 13.

130 1433 282 1465 Mafficus
299 1446 407 1474 monS,
425 1447 479 1474 22,
498 1448 546 1478 ¹4-

130 1477 279 1515 Maffilia,
299 1489 351 1516 21,
369 1481 421 1511 26.
445 1491 501 1519 40,
528 1482 577 1512 18.
603 1482 684 1512 inter
707 1480 819 1512 Gallos
842 1480 910 1515 fita,
932 1481 1030 1511 traxit
1056 1479 1262 1521 aliquantum
1290 1479 1331 1511 ab

172 1523 290 1552 accolis
305 1524 504 1561 animorum,
523 1525 576 1563 38,
597 1532 645 1560 17.

128 1563 348 1602 Maffilienses,
361 1576 380 1596 a
395 1565 532 1597 Phocaea
554 1567 697 1607 profecti,
714 1574 745 1607 5,
764 1576 816 1607 34.
840 1567 915 1597 socii
941 1566 1185 1604 Romanorum,
1208 1577 1262 1605 21,
1278 1576 1333 1600 20.

168 1614 204 1637 et
228 1608 279 1637 26.
306 1617 422 1644 rnoreS,
438 1614 470 1638 et
494 1609 591 1647 leges,
616 1616 648 1638 et
674 1611 843 1646 ingenium
871 1610 1031 1638 smeerum
1059 1609 1287 1648 integrumque
1314 1617 1334 1638 a

172 1652 364 1691 contagione
380 1650 565 1681 accolarum
583 1651 758 1687 servarunt,
776 1658 830 1689 37,
851 1658 904 1690 54.

130 1693 275 1730 Maffiva,
299 1694 458 1733 Numida,
483 1704 560 1733 puer
582 1694 685 1724 forma
708 1693 821 1732 insigni
845 1700 877 1723 et
898 1693 974 1733 regii
991 1693 1128 1733 generis,
1147 1694 1272 1733 capitur
1298 1694 1334 1724 in

172 1737 298 1776 proelio,
318 1744 369 1774 27,
391 1746 439 1775 19.
465 1738 639 1768 dimittitur
654 1746 673 1767 a
689 1737 840 1777 Scipione
855 1736 895 1767 ad
911 1737 1108 1768 Mafiniffam
1125 1737 1332 1769 avunculum

174 1788 250 1809 curu
264 1780 369 1817 donis,
385 1780 458 1810 ibid.
472 1780 537 1811 vid.
554 1788 582 1810 et
599 1782 652 1816 28,
671 1787 721 1820 35.

133 1821 271 1862 Massyli,
307 1824 472 1853 Numidiae
495 1824 592 1853 altera
616 1832 698 1863 pars,
722 1824 814 1860 cuius
836 1832 891 1852 rex
916 1822 1011 1860 Gala,
1037 1833 1092 1864 24,
1115 1824 1170 1864 48.
1194 1832 1331 1863 regnum

178 1871 348 1904 paternum
367 1866 548 1902 Masinissae,
564 1875 617 1905 30,
635 1876 684 1897 11.
700 1866 766 1896 vid.
785 1866 958 1897 Mafiniffa.

134 1908 278 1944 Mataris,
296 1908 348 1938 teli
364 1909 479 1939 Gallici
497 1919 610 1948 genus,
629 1917 660 1947 7,
676 1919 727 1948 24.

131 1951 236 1981 Mater
252 1952 363 1982 Defim
387 1952 466 1991 lapis
485 1953 617 1991 quidam
641 1953 724 1983 sacer
740 1953 772 1982 in
792 1952 871 1983 urbe
894 1952 1039 1993 Phrygiae
1063 1952 1257 1990 Petrinum,
1276 1961 1330 1991 29,

179 2003 228 2025 11.
250 2005 316 2034 quo
340 1996 461 2025 honore
477 2005 495 2025 a
520 1996 673 2026 Romanis
695 2003 839 2035 accepta,
860 2005 908 2035 ¹4·
925 1995 991 2026 ludi
1009 1997 1042 2025 in
1065 1996 1135 2035 ejus
1158 1996 1331 2027 honorem.

173 2037 238 2067 vid.
259 2038 440 2077 Megalesia.

131 2076 244 2110 Matris
269 2091 397 2120 magnae
420 2081 504 2112 aedes
532 2082 565 2112 in
591 2081 710 2113 Palatio
733 2081 880 2112 facienda
902 2081 1038 2119 iocatur,
1058 2092 1112 2123 29,
1130 2089 1181 2121 37.
1205 2081 1334 2113 dedica.-

175 2130 239 2160 «υτ,
257 2126 311 2162 36,
330 2126 382 2163 36.

137 2163 250 2195 Matris
273 2167 408 2197 Matutae
433 2167 530 2204 aedes,
549 2176 579 2208 5,
602 2178 649 2206 ¹9·
667 2177 722 2207 41,
741 2177 792 2206 33.
816 2168 848 2198 in
865 2177 901 2198 ea
918 2167 1027 2198 tabula
1044 2177 1062 2198 a
1078 2167 1240 2204 Graccho,
1256 2168 1332 2199 Sar-

174 2208 262 2238 dinia
277 2209 416 2247 subacta,
434 2210 546 2250 posita,
563 2212 634 2241 ibid.
655 2213 723 2249 ejus
739 2211 822 2241 aedes
840 2213 871 2240 in
889 2211 956 2241 foro
972 2211 1095 2248 Boario,
1115 2220 1168 2250 33,
1187 2218 1237 2248 27.
1258 2211 1327 2243 vid.

174 2252 258 2280 aedes
274 2252 385 2283 Matris
401 2253 549 2291 Matutae,
567 2262 594 2284 et
611 2254 746 2285 Matutae
765 2255 885 2285 matris.

133 2294 248 2324 Matris
265 2295 401 2326 Matutae
413 2297 496 2327 aedes
510 2298 634 2334 Satrici,
651 2299 704 2334 28,
725 2307 772 2328 ιι.
789 2298 827 2328 de
843 2297 926 2328 coelo
944 2298 1096 2336 tangitur,
1112 2296 1183 2328 ibid.

133 2337 252 2368 Matres
275 2337 361 2375 duae,
378 2340 512 2380 receptis
537 2348 649 2382 praeter
664 2341 753 2381 spem
776 2340 862 2378 filiis,
879 2341 996 2382 gaudio
1011 2341 1254 2379 exanimantur,
1275 2350 1328 2377 22,

182 2387 209 2418 7.

709 2425 740 2455 H
755 2436 776 2466 4
