1572 2616
207 117 263 163 94
632 123 971 152 ROMANORUM

209 200 407 250 majorem,
423 201 575 239 andstooe
603 203 754 240 Velleio
782 204 989 248 Paterculo,
1009 203 1110 252 quod
1138 204 1238 240 idem
1265 203 1404 240 Cicero

208 266 245 302 in
266 266 384 303 Laelio
402 266 459 303 his
479 267 600 304 verbis
618 268 792 313 ostendit,
814 268 893 306 Qui
915 268 1151 305 consulatum
1170 268 1277 316 petiit
1302 279 1399 304 nun·

208 342 337 378 quam,
358 330 472 367 factus
492 332 544 367 est
564 331 692 368 consul
721 332 802 369 bis:
835 333 1000 381 primum
1029 337 1116 368 ante
1144 339 1310 379 ternpus,
1332 330 1401 366 ite-

208 409 296 434 rum
325 397 389 434 fibi
420 397 486 434 suo
518 405 703 447 tempore,
732 399 948 448 reipublicae
978 412 1074 448 pene
1103 398 1196 435 sero.
1254 399 1400 435 Mirum

208 461 321 510 igitur
340 462 429 510 quid
449 463 623 511 Appiano
643 463 789 500 venerit
816 464 854 499 in
882 470 1066 508 mentem,
1086 469 1129 499 ut
1156 469 1193 499 et
1218 460 1402 511 juvenem

207 526 423 575 appellaret,
444 533 482 563 et
499 527 643 576 legibus
659 527 823 564 solutum
839 525 1026 565 scriberet.
1083 527 1187 564 Nam
1207 539 1255 562 ne
1273 526 1320 562 de
1340 525 1402 562 illa

207 591 362 638 quidem
382 591 464 640 lege
484 604 569 640 quae
598 593 692 628 intra
711 592 940 628 decennium
961 591 1126 628 eundem
1146 591 1402 639 magistratum

207 662 336 703 petere
363 657 523 699 vetabat,
543 656 648 693 locus
676 656 738 692 hic
768 656 925 706 intelligi
953 656 1082 705 potest.
1140 656 1287 692 Verum
1307 666 1400 703 quo-

206 719 311 756 niam
330 732 407 756 non
427 720 464 756 id
484 720 575 757 mihi
595 720 731 757 confilii
753 721 805 757 est
824 728 865 757 ut
885 733 1016 757 omnes
1037 720 1097 756 hic
1120 720 1315 756 auctorum
1342 731 1401 754 er·

209 799 310 823 rores
338 786 550 836 persequar,
582 786 699 823 finem
734 787 886 830 faciam,
920 786 946 822 fi
977 798 1097 821 unum
1127 785 1198 821 hoc
1226 784 1403 820 addidero

206 852 308 900 quod
337 851 382 887 ad
403 850 673 887 Africanorum
691 849 871 887 familiam
900 850 1073 898 pertinet.
1131 848 1265 884 Scribit
1286 847 1400 884 Vale-

208 917 286 952 rius
303 915 366 952 lib.
386 915 463 952 viii.
485 927 566 963 cap.
595 915 652 952 16.
710 915 919 963 Imaginem
936 913 1105 950 Africani
1127 912 1164 948 in
1185 911 1278 947 cella
1297 912 1401 948 Jovis

208 990 285 1032 opt.
318 995 418 1020 max,
448 982 604 1032 pofitarn
632 983 782 1019 honoris
809 991 920 1029 atque
949 980 1135 1030 dignitatis
1163 978 1281 1019 causa,
1302 991 1402 1026 quae,

209 1047 505 1097 quotiescunque
525 1059 663 1083 munus
683 1046 832 1095 aliquod
851 1044 1037 1081 Corneliae
1064 1044 1184 1093 gentis
1209 1042 1402 1078 celebran-

211 1114 303 1150 dum
324 1111 427 1155 esset,
448 1111 534 1148 inde
553 1117 756 1160 peteretur.
814 1109 1008 1158 Proprium
1029 1120 1119 1157 ergo
1138 1107 1209 1143 hoc
1229 1114 1266 1142 et
1285 1118 1403 1155 pecu-

209 1180 297 1216 liare
319 1178 583 1215 Africanorum
599 1183 691 1221 erat,
706 1183 749 1212 ut
763 1175 853 1212 illud
870 1172 1144 1222 poplicolarum
1162 1177 1201 1208 et
1214 1172 1403 1208 Tuberto-

210 1256 310 1286 rum,
331 1254 424 1290 quos
444 1242 482 1277 in
504 1242 595 1278 urbe
612 1240 757 1290 sepeliri
785 1236 1010 1277 consueviffe
1031 1237 1170 1274 Cicero
1191 1241 1227 1271 et
1257 1235 1404 1274 Plutar-

210 1309 302 1345 chus
321 1307 532 1346 ostendunt.
