1572 2616
193 158 273 204 128
535 164 699 203 'mmzx
737 174 793 203 m
828 163 1039 206 T.'1.1'vu

187 251 296 293 Legati
311 252 424 325 dedcem
437 253 477 284 ad
489 253 725 285 constituendas
738 264 785 286 res
799 255 946 295 Graeciae,
962 265 1014 296 33,
1029 265 1082 298 24.
1097 262 1128 288 et
1144 266 1196 297 3¹·
1212 255 1307 296 Afiae,
1323 265 1380 298 37,

276 320 284 328 .
301 307 337 326 vt
360 318 368 326 .
384 303 412 327 et
473 320 482 335 ,
502 305 551 335 17.

232 303 314 370 ⁵5ad
331 306 532 372 Antiossfium
549 347 580 371 et
595 340 794 381 Philippum,
812 352 866 382 33,
884 350 935 384 35.
953 349 984 373 et
999 352 1050 385 39.

273 383 307 413 in
324 383 498 420 Graeciam,
518 394 571 422 39,
590 394 640 423 33.
665 395 719 424 42,
739 392 790 424 37.

273 427 306 456 in
324 426 566 465 Macedoniam,
583 438 639 467 41,
659 436 708 465 27.

185 485 229 494 —
244 469 412 508 Saguntini
440 471 554 510 gratias
581 477 682 510 agunt
707 471 842 508 senatui,
870 471 922 508 28,
948 481 1000 511 39.
1031 471 1198 502 adducunt
1221 471 1378 511 quosdam

228 513 503 552 Carthaginienses
519 524 596 544 cum
614 515 763 554 pecunia,
779 515 833 555 qui
849 515 889 545 ad
904 516 1116 546 conducenda
1131 515 1251 545 auxilia
1267 515 1300 545 in
1317 515 1380 545 Hi-

228 556 374 596 spaniam
392 556 592 594 trajecerant‚
611 567 663 596 30,
680 567 729 588 21.

183 600 414 637 —Samnites,
432 600 572 631 Romam
591 600 672 630 miffi
694 601 732 631 de
756 609 848 641 pace,
866 601 899 640 8,
920 611 948 632 1.
970 602 1010 632 ad
1025 600 1236 640 Annibalem,
1254 610 1308 640 23,
1323 610 1379 641 42·

184 659 228 666 —
243 643 415 674 Sardorum
433 643 588 681 Romam,
604 654 658 684 41,
680 653 729 675 10.
746 651 776 674 et
796 655 842 676 12.

183 703 227 710 —
243 687 412 727 Syphacis,
427 687 535 718 donati
553 687 592 717 ab
610 687 719 717 senatu
735 687 898 725 Romano,
916 694 969 725 27,
987 697 1019 728 4.
1044 697 1098 727 30,
1118 694 1168 725 17.

183 746 227 753 -
241 730 438 770 Syracusani,
459 741 511 768 22,
530 738 582 769 37.
606 731 645 760 ad
662 730 870 769 Marcellum,
889 738 942 772 25,
961 740 1014 770 29.

182 790 227 797 --
240 773 406 804 Tarentini
423 774 462 804 ad
479 773 689 811 Annibalem,
707 785 761 814 24,
781 784 830 813 ¹3·

183 832 228 840 —-
241 817 492 856 Tarquiniorum
506 817 666 854 exsulum,
686 827 716 851 2,
736 827 764 856 3.
781 824 813 848 et
828 827 860 857 4.

182 876 227 884 —
240 860 421 899 Thracum,
437 867 581 901 petentes
604 861 785 891 amicitiam
807 868 839 892 et
855 860 1040 892 societatem
1066 859 1304 897 Rornanorum,
1320 866 1377 899 42,

231 913 280 942 ¹9·

182 962 227 971 —-
239 946 404 978 Verminae
419 946 574 984 Romam,
593 956 647 986 31,
667 957 678 978 ι
689 957 716 979 1.

182 990 276 1021 -in
291 990 438 1021 senatum
454 991 624 1021 introduffi
642 1000 696 1031 per
710 990 871 1028 consules,
888 998 941 1029 32,
960 989 992 1021 8.

182 1032 309 1071 -jure
324 1035 472 1073 gentium
489 1033 686 1071 sacrosaneti,
705 1045 736 1071 2,
754 1044 786 1074 4.

181 1076 316 1107 -licet
330 1077 512 1108 viderentur
525 1077 729 1117 commiflffe,
746 1085 781 1109 ut
797 1077 940 1109 hostium
954 1076 1027 1107 loco
1042 1074 1154 1117 effent,
1167 1075 1202 1106 in
1217 1074 1256 1107 iis
1268 1080 1378 1106 tamen

224 1119 278 1158 jus
294 1122 442 1160 gentium
459 1120 555 1158 valet,
573 1131 605 1158 2,
622 1131 655 1161 4.

183 1179 227 1187 —
243 1165 446 1203 contemptui
463 1165 578 1200 habiti,
594 1173 625 1202 3,
644 1172 696 1204 25.

182 1222 226 1231 —
240 1207 408 1244 interfeffi,
425 1217 458 1246 4,
480 1215 528 1243 17.
542 1214 573 1237 et
591 1216 642 1245 32.

182 1265 227 1274 —-
241 1250 418 1288 contrajus
434 1251 581 1289 gentium
597 1259 688 1280 arma
708 1249 854 1289 capiunt,
873 1257 904 1289 5,
924 1249 976 1287 36.

182 1307 228 1317 -
242 1293 328 1324 male
344 1293 470 1333 excepti
484 1303 502 1323 a
519 1293 733 1330 Samnitibus,
751 1301 781 1330 7,
799 1302 849 1331 31.
874 1293 906 1329 8,
924 1301 977 1331 23.

182 1351 228 1361 -—
241 1335 263 1367 fi
279 1343 408 1377 repente
419 1336 527 1376 aliquo
538 1337 754 1374 mitterentur,
766 1335 889 1376 fingula
903 1344 958 1376 per
970 1333 1102 1375 oppida,
1116 1341 1181 1373 qua
1193 1331 1380 1363 faciendum

227 1380 298 1417 iter,
310 1379 460 1418 jumenta
476 1381 647 1420 impetant,
664 1389 720 1419 42,
743 1389 770 1409 1.

182 1421 308 1463 tegatis
323 1423 411 1454 caefis
427 1423 555 1464 publice
569 1423 601 1453 in
619 1423 736 1453 Rostris
752 1423 862 1453 statuae
878 1421 1000 1462 pofitae,
1016 1429 1050 1460 4,
1067 1425 1118 1456 17.

180 1482 227 1492 ·—
242 1477 380 1498 munera
401 1467 487 1503 data,
505 1478 537 1507 9,
553 1476 607 1506 43.
631 1474 684 1504 27,
707 1475 739 1506 4.
764 1467 818 1503 28,
836 1475 887 1506 39.
915 1474 968 1504 30,
987 1470 1036 1500 17.
1062 1472 1114 1502 31,
1133 1471 1165 1501 9.
1190 1469 1244 1501 37,
1268 1470 1299 1501 3.
1321 1470 1379 1502 42,

228 1512 258 1541 6.
275 1517 306 1540 et
324 1521 374 1551 19.
396 1520 452 1550 43,
471 1518 500 1548 7.
517 1517 547 1540 et
563 1511 594 1539 8.
617 1519 673 1549 44,
691 1518 739 1549 14.
763 1516 818 1549 45,
840 1518 891 1547 ¹3-

182 1569 227 1578 -
239 1554 323 1584 aedes
339 1554 446 1583 liberae
461 1553 599 1592 hospitio
614 1553 709 1589 datae,
726 1551 911 1590 sumtusque
926 1550 1084 1585 decretus,
1097 1559 1149 1588 42,
1167 1548 1198 1579 6.

182 1612 228 1621 -
241 1597 383 1626 hostium
399 1598 431 1626 in
447 1596 515 1626 aede
533 1595 674 1625 Bellonae
689 1595 814 1625 senatus
828 1595 934 1630 datus,
951 1602 1004 1631 30,
1025 1601 1075 1622 21.
1101 1601 1154 1629 33,
1174 1600 1226 1631 24.

183 1639 428 1679 Legationisjus
444 1640 596 1676 externis,
610 1647 676 1668 non
691 1638 829 1674 civibus,
846 1642 1084 1676 comparatum,
1102 1634 1134 1672 6,
1155 1642 1205 1671 17.

184 1683 293 1723 Legati
309 1683 554 1721 imperatorum,
573 1691 605 1718 2,
621 1692 671 1712 20.
700 1691 750 1718 10,
766 1690 820 1721 40.
838 1686 866 1710 et
880 1688 934 1720 43.
951 1685 980 1708 et
995 1676 1068 1707 alibi
1080 1676 1194 1717 pqffim.

182 1727 281 1766 Legio
296 1732 374 1766 quot
391 1725 556 1756 militum?
582 1725 614 1761 6,
631 1734 681 1763 23.
707 1731 738 1762 7,
757 1731 810 1765 25.
834 1724 867 1761 8,
882 1723 913 1754 8.
938 1723 991 1760 26,
1009 1722 1061 1753 28.
1087 1728 1140 1758 29,
1158 1730 1210 1760 24.
1232 1727 1288 1759 43,
1305 1727 1356 1757 14.

183 1786 228 1794 —
242 1770 358 1809 prIma,
375 1769 525 1806 secunda,
542 1769 644 1805 tertia,
665 1777 716 1805 10,
737 1768 787 1798 18.
811 1776 865 1805 22,
883 1773 936 1807 53.
961 1774 1016 1804 33,
1033 1765 1086 1804 36.
1110 1772 1163 1803 34,
1178 1763 1233 1804 46.

183 1820 361 1853 —quarta,
381 1822 432 1850 ιο,
451 1813 497 1842 18.
524 1813 578 1850 26,
594 1813 647 1852 48.
674 1821 727 1852 34,
744 1811 799 1851 46.

183 1858 364 1896 —quinta,
384 1865 436 1895 39,
453 1865 506 1895 30.

183 1915 228 1924 —-
243 1899 367 1936 οέὶεινει,
381 1898 454 1930 ibid.

184 1959 228 1967 -—
243 1943 429 1979 undecima,
449 1951 501 1981 30,
520 1942 571 1972 18.

183 2003 229 2011 —
243 1985 448 2021 duodecima,
466 1993 585 2024 magna
600 1994 639 2015 ex
656 1990 743 2025 parte
760 1983 852 2021 caesa,
869 1981 942 2023 ibid.

183 2047 228 2054 —
241 2030 333 2060 tertia
347 2029 486 2064 decima,
501 2027 574 2058 ibid.

184 2090 228 2098 —
243 2072 492 2109 undevicefima‚
513 2079 564 2108 27,
583 2071 633 2109 38.

183 2132 230 2141 —-
243 2116 405 2149 viceslma,
423 2122 475 2152 27,
493 2124 541 2153 14.
555 2120 586 2143 et
603 2115 656 2151 38.
1197 2148 1202 2153 ,

184 2165 310 2189 -tota
336 2158 441 2188 miliia
464 2157 640 2187 hominum
664 2161 813 2196 quatuor,
828 2153 943 2185 Romae
966 2152 1000 2182 in
1022 2149 1090 2182 foto
1106 2147 1205 2180 secun
1221 2145 1375 2187 percuffa,

232 2204 284 2239 28,
306 2203 357 2232 28.

185 2244 376 2274 -linteata
390 2242 602 2281 Samnitium,
623 2251 673 2279 10,
693 2243 746 2281 38.

186 2304 230 2312 —-
245 2288 376 2325 Sabina,
393 2298 425 2324 z,
444 2288 495 2319 26.

187 2331 341 2370 Legiones
357 2330 575 2368 Etruscorum,
594 2338 644 2368 10,
663 2336 694 2371 5.

186 2391 230 2400 --
246 2374 453 2412 Faunorum,
468 2383 500 2415 4,
517 2381 546 2414 5.
