1572 2616
461 112 693 142 PLEBmAE
735 111 949 139 GENTES.
1224 96 1299 137 161

471 356 707 401 MARIA
747 357 942 399 GENS.

589 522 805 529 -——.

115 623 286 677 CAIUS
315 639 460 677 Marius
495 641 692 691 municeps
723 640 898 689 Arpinas,
926 637 1059 676 humili
1093 643 1204 687 atque
1236 638 1305 675 ob-

113 708 220 745 scuro
245 707 330 745 loco
358 714 479 754 natus,
505 708 609 745 nulla
637 706 826 757 majorum
853 707 1196 750 commendatione,
1225 717 1306 742 arn-

115 772 292 822 pliffimos
321 773 483 810 honores
519 773 573 810 est
609 772 842 810 consecutus.
899 772 1069 822 Contigit
1101 771 1170 815 illi,
1205 769 1306 820 quod

114 836 214 874 haud
232 836 308 874 scio
324 849 372 874 an
390 838 547 882 nemini,
566 844 610 874 ut
628 837 772 875 duabus
800 837 840 873 in
868 837 1044 874 aedilitate
1067 835 1228 885 acceptis
1247 846 1306 870 re-

113 899 240 949 pulfis,
261 900 395 950 septies
412 908 539 939 tamen
559 902 687 938 consul
708 901 856 938 summo
873 899 1002 949 populi
1026 899 1145 937 studio
1165 909 1310 935 creare·

114 971 197 1004 tur:
227 968 297 1012 vir,
318 979 432 1016 quem
463 980 586 1017 neque
615 973 768 1017 propter
795 968 1014 1017 dignitatem
1047 966 1198 1004 laudare
1226 964 1310 1002 satis

115 1031 312 1081 quisquam
330 1032 544 1077 commode,
564 1044 687 1081 neque
706 1038 858 1081 propter
882 1031 1142 1068 cmdelitatem
1161 1030 1311 1067 abunde

115 1093 327 1143 vituperare
345 1095 476 1144 potest.
506 1095 638 1133 Nemo
650 1107 819 1144 unquam
839 1100 943 1131 tanto
962 1100 1067 1131 metu
1086 1099 1125 1130 et
1142 1092 1311 1142 periculo

114 1158 392 1206 rempublicam
418 1158 603 1203 liberavit,
624 1171 738 1196 nemo
757 1156 889 1207 majori
909 1158 1120 1195 calamitate
1146 1157 1309 1194 eandem

115 1220 254 1258 affecit.
312 1223 392 1259 Qui
420 1224 522 1259 enim
550 1223 689 1272 gladios
711 1223 956 1260 Cimbrorum
975 1228 1011 1259 et
1031 1223 1251 1260 Teutonum
1269 1222 1308 1257 in

115 1285 390 1334 rempublicam
416 1286 592 1324 districtos
621 1299 643 1323 a
666 1285 808 1336 jugulis
836 1287 977 1324 civium
1006 1285 1212 1336 rejecerat:
1243 1287 1308 1335 qui

114 1346 216 1384 faces
237 1347 319 1397 jam
348 1348 517 1386 accensas
547 1350 593 1386 ad
619 1350 720 1387 urbis
748 1350 950 1394 excidium,
977 1351 1214 1386 extinxerat:
1244 1350 1308 1397 qui

114 1411 250 1447 urbem
269 1418 308 1447 et
327 1412 474 1448 Italiam
500 1425 548 1449 ex
576 1424 640 1449 ore
666 1419 778 1462 atque
798 1413 966 1449 faucibus
983 1413 1142 1450 hostium
1161 1413 1309 1462 eripue-

116 1481 174 1512 rat
191 1490 198 1511 :
231 1474 306 1524 ipse
327 1475 390 1513 ille
410 1475 588 1514 libertatis
609 1477 791 1513 Romanae
805 1477 958 1521 vindex,
973 1477 1114 1526 primus
1134 1479 1171 1514 in
1188 1478 1310 1515 Rem-

115 1541 306 1591 publicam
326 1541 494 1592 gladium
516 1542 712 1586 distrinxit,
732 1542 874 1591 primus
902 1541 1094 1579 sceleratas
1116 1542 1216 1580 faces
1243 1555 1309 1593 pa·

116 1608 198 1645 triae
217 1608 369 1644 intulit:
401 1607 566 1644 vastitate
594 1607 755 1655 denique
781 1607 952 1654 Italiam3
984 1608 1162 1653 caedibus,
1183 1611 1312 1647 incen-

116 1670 190 1712 dio,
212 1671 330 1713 ruina,
350 1671 484 1706 urbem
503 1669 672 1719 replevit.
728 1671 845 1707 Justas
860 1682 949 1719 ergo
969 1678 1007 1708 et
1026 1671 1166 1709 debitas
1183 1685 1313 1721 poenas

117 1732 348 1781 Reipublicae
381 1731 566 1781 persolvit.
623 1734 751 1769 Armis
784 1734 942 1770 Sullanis
970 1735 1062 1770 urbe
1091 1734 1243 1784 eje&uS,
1273 1736 1310 1771 in

117 1794 437 1831 Minturnensium
458 1795 655 1844 paludibus
676 1795 780 1832 latuit
801 1812 808 1832 ι
842 1805 938 1833 terra
955 1798 1121 1845 marique
1136 1796 1310 1846 jactatus,

120 1858 157 1893 in
177 1858 249 1893 oris
268 1857 408 1893 Africae
433 1857 679 1894 desertiffimis
702 1858 835 1907 jacuit.
892 1858 1003 1896 Filius
1022 1872 1098 1896 non
1118 1861 1166 1897 ita
1185 1860 1314 1897 multis

117 1920 197 1968 post
216 1920 320 1956 annis
339 1920 376 1955 in
395 1921 574 1957 cuniculis
595 1922 775 1958 Praeneste
805 1922 1006 1958 trucidatus
1025 1939 1036 1969 3
1065 1923 1247 1959 memoria
1266 1921 1312 1958 fi·

118 1984 199 2021 mul
230 1991 268 2021 et
300 1986 463 2020 nominis
495 1992 533 2021 et
565 1987 708 2035 generis
738 1988 885 2024 interiit.
941 1988 1053 2024 Extat
1081 1989 1313 2038 epigramma

118 2054 225 2084 vetus
245 2049 281 2084 in
302 2047 396 2084 libro
416 2049 514 2084 urbis
534 2050 709 2098 autiquae,
731 2051 831 2099 quod
852 2062 908 2088 res
923 2049 1004 2100 ejus
1023 2052 1138 2101 gestas
1156 2053 1306 2098 indicat,

122 2109 321 2159 ejusmodi,

178 2240 215 2265 C.
238 2240 397 2266 MARIUS
422 2242 484 2267 PR.
506 2244 573 2268 ΤΚ.
596 2244 657 2269 PL.
680 2245 719 2269 Q.
742 2245 899 2271 AUGUR.
921 2247 988 2271 ΤΒ.
1011 2248 1100 2273 Mu..
1121 2248 1258 2275 Ex‘rRA

182 2303 344 2329 SORTEM
378 2304 545 2331 BELLUM
581 2307 669 2332 CUM
706 2308 934 2334 JUGURTHA
965 2310 1072 2336 REGE
1103 2313 1258 2338 NUMID.

693 2358 773 2396 Ua
