1572 2616
179 204 261 247 124
520 207 688 238 rnnnx
722 208 779 238 ru
812 210 857 239 τ.
884 209 1019 242 mvn

172 285 289 361 {atissa
303 285 476 324 Cremaste,
496 295 548 326 31,
564 289 619 329 46.
641 298 697 329 42,
714 291 767 330 56.
783 296 815 321 et
831 290 884 328 67.

201 329 371 367 anffenses,
395 340 447 369 31,
467 338 517 369 31.

173 372 321 411 Lariffus,
338 374 458 411 amnis,
475 374 588 405 Eleum
605 384 718 414 agrum
731 375 772 406 ab
787 376 927 418 Dymaeo
942 376 1075 415 dirimit,
1093 383 1146 414 27,
1163 386 1215 416 3¹.

172 417 281 447 Lartes
297 417 443 453 Porsena,
456 417 522 448 vid.
540 418 683 450 Porsena.

172 460 280 491 Lartes
293 459 503 498 Tolumnius,
519 461 586 492 vid.
601 462 810 493 Tolumnius.
1092 490 1095 491 ⁷

171 503 228 544 Sp.
244 503 379 540 Lartius,
403 513 516 543 genere
540 504 690 544 safiiisque
715 505 831 542 clarus,
856 515 887 542 2,
909 507 957 537 18.
981 515 1058 536 cum
1085 505 1220 536 Horatio
1243 505 1367 537 Coclite

213 554 326 594 manet
341 547 568 587 aliquantisper
582 549 615 579 in
632 549 764 579 statione
781 550 899 590 pontis,
920 559 951 587 2,
972 558 1021 580 ιο.
1045 549 1218 589 praeficitur
1236 549 1369 590 expedi-

214 591 446 628 taejuventuti‚
468 600 517 621 11.

169 634 209 665 T.
227 634 362 669 Lartius,
379 633 503 671 consul,
521 644 552 672 2,
571 635 620 665 18.
645 635 766 675 primus
781 635 926 673 ἀίἑὶειοτ,
943 635 1015 665 ibid.
1038 635 1147 666 consul
1163 636 1292 672 iterum,
1312 645 1368 667 21.

213 676 281 709 vid.
298 683 326 707 et
345 686 395 716 29.

170 719 244 757 Las,
261 720 352 751 vicus
369 720 563 757 maritimus,
580 721 635 759 38,
652 730 703 759 30.
728 731 804 754 eum
828 722 999 761 improviso
1022 728 1197 761 occupant,
1214 728 1245 752 et
1261 721 1368 753 statim

213 764 370 794 amittunt
385 764 633 800 Lacedaemonii,
651 764 723 795 ibid.

170 805 392 837 Latemnastus
408 807 576 844 Cretensis,
596 816 649 846 35,
666 818 720 847 29.

168 849 240 881 Lati
254 849 336 881 clavi
351 850 392 880 ob
410 850 566 880 Caudinae
581 851 670 890 pacis
693 851 909 890 ignominiam
931 851 1075 891 depositi,
1094 861 1126 891 9,
1145 858 1174 888 7.
1197 850 1262 881 lato
1276 850 1368 881 clavo

214 893 350 931 tunicae,
368 903 419 932 30,
441 901 491 930 17.

169 932 275 967 Latini
292 936 379 967 unde
395 937 482 973 difti,
503 946 531 974 1,
550 947 580 968 2.
604 936 697 967 Prisci
715 937 817 967 Latini
834 938 874 968 ab
891 937 974 968 Alba
988 937 1128 975 oriundi,
1145 947 1175 976 3.
1190 943 1218 966 et
1235 935 1366 977 52.vid.

216 986 245 1010 et
260 989 310 1018 32.
878 991 883 996 ·

170 1022 277 1054 Latini
304 1022 390 1053 bello
414 1021 570 1053 Iaceffimt
595 1023 727 1053 Ancum
755 1023 933 1061 Marcium,
964 1034 994 1061 1,
1026 1033 1077 1063 32.
1099 1023 1287 1059 vincuntur,
1315 1031 1367 1062 33.

214 1066 322 1097 multa
334 1075 445 1096 eorum
464 1065 566 1096 millia
581 1066 795 1097 traducuntur
810 1067 963 1104 Romam,
981 1067 1052 1098 ibid.
1076 1076 1152 1097 curn
1167 1067 1205 1096 iis
1220 1066 1302 1096 bella
1316 1075 1370 1105 ge-

213 1110 254 1142 rit
277 1109 473 1148 Tarquinius
499 1108 631 1146 Priscus,
659 1118 710 1148 35.
736 1116 768 1140 et
793 1112 843 1148 38.
869 1111 1056 1140 Latinorum
1084 1117 1115 1140 et
1143 1110 1368 1140 Romanorum

213 1153 409 1183 communia
423 1153 520 1189 sacra,
537 1160 589 1191 45.
607 1161 660 1181 eos
676 1152 732 1182 fibi
748 1153 901 1184 conciliat
915 1153 1109 1193 Tarquinius
1125 1153 1298 1193 Superbus,
1314 1160 1368 1191 49.

215 1206 294 1226 cum
311 1197 347 1226 iis
362 1196 466 1226 foedus
481 1195 570 1232 facit,
587 1202 728 1235 50—52.

259 1239 299 1269 ad
315 1238 477 1278 Regillum
495 1238 605 1268 lacum
623 1238 706 1275 caefi,
725 1248 756 1275 2,
778 1248 827 1279 19.
844 1245 874 1269 et
893 1248 943 1269 20.
968 1238 1137 1269 sollicitant
1152 1239 1263 1268 frustra
1284 1237 1370 1267 Lati-

214 1291 275 1313 nos
291 1281 395 1312 Volsci
412 1282 452 1312 ad
468 1281 591 1312 bellum
607 1281 764 1312 Romanis
788 1282 1003 1319 inferendum,
1021 1292 1072 1313 22.
1097 1282 1148 1311 sex
1167 1281 1269 1311 millia
1286 1281 1370 1311 Lati-

214 1335 334 1356 norum
352 1326 554 1365 captivorum
571 1335 589 1354 a
603 1325 711 1355 senatu
728 1325 866 1362 remiffa,
885 1325 956 1354 ibid.
980 1334 1135 1355 coronam
1151 1333 1281 1354 auream
1298 1324 1370 1353 Jovi

216 1370 251 1400 in
267 1369 463 1409 Capitolium
480 1369 627 1404 mittunt,
645 1368 716 1398 ibid.
740 1378 816 1398 cum
841 1368 960 1398 Latinis
979 1368 1104 1409 populis
1128 1368 1229 1398 ifiium
1252 1368 1369 1404 foedus,

218 1422 271 1452 33.
289 1419 448 1442 vexantur
465 1411 699 1442 incursionibus
715 1412 914 1451 AEquorum,
930 1413 983 1450 48.

260 1465 358 1495 opem
374 1456 480 1486 ferunt
496 1455 652 1485 Romanis
668 1455 814 1485 adversus
827 1454 958 1485 Volscos
972 1460 1002 1485 et
1016 1454 1150 1493 AEquos,
1167 1454 1218 1483 sed
1233 1453 1372 1483 vincun-

216 1506 281 1537 tur,
301 1508 331 1537 3,
351 1506 380 1536 7.

261 1541 417 1571 deficiunt
433 1551 452 1571 a
466 1540 636 1576 Romanis,
650 1550 752 1579 quum
771 1550 825 1580 per
839 1550 940 1570 annos
955 1540 1026 1580 plus
1040 1546 1173 1570 centum
1187 1548 1371 1578 numquam

216 1585 372 1624 ambigua
389 1584 450 1614 fide
467 1584 500 1613 in
514 1584 657 1613 amicitia
673 1583 822 1613 Romana
838 1582 1033 1619 mansissent,
1050 1583 1078 1615 6,
1098 1593 1126 1612 2.
1143 1583 1210 1612 vid.
1227 1589 1255 1611 et
1272 1590 1302 1619 7,
1321 1592 1370 1612 ιι.

218 1635 247 1658 et
273 1637 323 1666 32.
348 1627 387 1656 ab
412 1628 447 1657 iis
469 1626 650 1657 Tusculum
674 1632 822 1665 captum,
840 1636 891 1665 33.
916 1626 1001 1665 quod
1025 1626 1189 1665 recipitur,
1209 1625 1295 1654 caesis
1312 1625 1372 1654 La-

217 1671 308 1707 tinis,
326 1669 398 1700 ibid.

262 1714 300 1744 iis
323 1712 504 1753 petentibus
527 1721 590 1751 pax
613 1711 698 1747 data,
719 1719 748 1748 7,
771 1722 820 1743 12.
845 1720 963 1750 magna
979 1712 1026 1741 vis
1047 1710 1190 1741 militum
1207 1710 1248 1740 ab
1264 1710 1300 1740 iis
1317 1719 1372 1740 ac-

219 1763 324 1797 cepta,
342 1756 413 1786 ibid.
438 1755 578 1786 concilia
592 1755 726 1792 habent,
741 1762 773 1785 et
789 1755 945 1785 Romanis
963 1761 1081 1794 negant
1098 1754 1228 1789 milites,
1247 1760 1297 1793 25.
1315 1763 1372 1783 ex·

218 1800 371 1830 ercitibus
390 1799 461 1837 jam
486 1799 519 1829 in
542 1798 707 1829 Romanos
730 1799 935 1838 comparatis,
955 1805 1082 1828 vertunt
1102 1796 1226 1827 bellum
1244 1797 1276 1825 in
1294 1796 1374 1826 Peli-

220 1853 314 1884 gnos,
335 1843 386 1882 38.

263 1886 397 1917 Sidicini
417 1885 540 1915 dedunt
557 1884 586 1914 se
603 1883 734 1920 Latinis,
753 1884 785 1921 8,
804 1893 834 1914 2.
857 1884 959 1914 Latini
984 1884 1106 1913 vastant
1131 1892 1221 1922 agros
1244 1882 1373 1912 Samni-

221 1929 319 1965 tium,
345 1928 416 1957 ibid.
440 1927 620 1958 moliuntur
642 1926 770 1957 occulte
796 1926 920 1957 bellum
946 1927 980 1956 in
1003 1927 1181 1963 Romanos,
1206 1935 1235 1963 3.
1259 1926 1372 1955 decem

221 1972 380 2013 principes
405 1971 592 2001 Latinorum
618 1970 758 2000 Romam
781 1971 918 2006 evocati,
935 1969 1006 1999 ibid.
1031 1968 1162 1999 consilia
1184 1968 1372 1998 Latinorum

222 2025 261 2046 ea
277 2016 316 2046 de
329 2024 373 2051 re,
390 2025 420 2054 4.
445 2020 559 2054 petunt
576 2013 741 2043 consulem
755 2020 785 2043 et
802 2013 958 2042 senatores
974 2013 1115 2048 Latinos,
1134 2020 1163 2051 5.
1181 2011 1217 2040 iis
1233 2011 1373 2041 inferunt

220 2058 348 2089 bellurn
373 2057 526 2093 Romani,
544 2058 574 2086 6.
597 2056 638 2086 ad
661 2056 808 2096 Capuam
830 2055 1030 2085 conveniunt
1054 2055 1157 2084 Latini
1180 2063 1257 2084 cum
1282 2054 1373 2083 sociis

223 2102 301 2138 suis,
317 2101 389 2131 ibid.
410 2101 481 2130 sunt
498 2099 670 2139 persimiles
686 2099 842 2129 Romanis
857 2100 890 2128 in
907 2098 998 2128 rebus
1013 2097 1149 2133 bellicis,
1167 2097 1197 2127 8.
1221 2096 1372 2136 proelium

224 2151 317 2175 atrox
336 2145 416 2174 inter
432 2144 560 2173 Latinos
582 2149 613 2172 et
637 2142 813 2177 Romanos,
831 2150 861 2179 9.
885 2141 1060 2171 vincuntur
1075 2140 1192 2176 Latini,
1214 2149 1263 2170 ιο.
1287 2138 1374 2169 mul-

224 2187 351 2217 &antur
366 2195 452 2226 agro,
475 2196 485 2216 1
496 2196 523 2216 1.
548 2185 736 2215 rebellantes
749 2185 939 2221 funduntur,
958 2193 1007 2215 12.
1031 2184 1064 2213 in
1077 2183 1273 2213 deditionem
1287 2182 1372 2213 acci-

225 2231 369 2271 piuntur,
386 2230 457 2259 ibid.
482 2230 669 2259 Latinorum
685 2230 781 2258 status
805 2227 928 2265 infelix,
949 2236 999 2266 13.
1023 2225 1158 2256 subaffls
1174 2226 1210 2256 iis
1226 2226 1310 2264 leges
1325 2225 1374 2255 di-

225 2279 307 2304 cunt
320 2273 472 2309 Romani,
490 2272 561 2302 ibid.
578 2279 606 2301 et
626 2281 672 2311 ¹4·

269 2326 288 2346 e
303 2315 423 2346 Latinis
447 2315 585 2346 Romani
604 2315 643 2344 ad
659 2313 815 2344 exercitus
839 2313 910 2343 suos
933 2312 1067 2344 alterum
1095 2318 1223 2343 tantum
1247 2310 1374 2348 adjicie-

226 2359 319 2396 bant,
337 2360 369 2394 8,
384 2360 415 2389 8.
431 2359 497 2389 vid.
513 2365 542 2388 et
556 2368 588 2398 4.
604 2367 645 2389 ex
662 2358 699 2388 iis
714 2357 859 2388 senatum
876 2355 1090 2397 supplendum
1108 2355 1214 2387 censet
1228 2354 1283 2395 Sp.
1299 2353 1374 2384 Car-

225 2401 334 2440 vilius,
353 2410 406 2442 23,
425 2411 476 2434 22.
