1538 2592
155 146 247 201 1²84.
586 157 929 189 ROMANORUM
970 171 974 174 ⁴

563 238 684 270 Consul
700 248 743 277 ιι,
761 248 839 269 eum
855 239 896 269 Θ.
913 237 1023 275 Fabio,
1039 246 1126 269 anno
1143 245 1216 280 540.
1240 234 1348 271 Li'viue

561 282 618 313 lib.
636 283 726 313 xxiv.
762 283 932 322 Appianus
955 283 987 311 in
1003 281 1144 312 Punicis.
1179 282 1349 313 Proconsul

562 326 603 356 ab
626 326 751 365 hospite
776 326 907 355 Lucano
929 325 963 354 in
988 324 1114 355 infidias
1138 325 1306 362 (reduetus,
1326 335 1349 356 a

562 368 706 408 Magone
723 370 936 408 interemptus
951 369 1015 398 est:
1040 368 1108 406 ejus
1124 368 1188 398 ofl'a
1204 367 1347 399 Annibal

561 412 722 442 militibus
752 412 786 441 in
814 412 951 451 patriam
982 411 1179 450 deportanda
1209 412 1348 443 tradidit.

560 453 669 486 Livius
684 455 740 485 lib.
756 464 837 485 xxv.
860 454 1007 485 Valerius
1022 454 1077 484 lib.
1094 464 1124 485 v.
1142 464 1213 494 cap.
1234 465 1262 486 1.

559 537 596 572 P.
623 540 905 571 SEMPRONlUS
929 539 986 570 TI.
1011 539 1046 569 F.
1068 539 1126 570 TI.
1149 539 1192 570 N.
1217 539 1350 570 GRAC-

560 592 668 615 cnus.
692 583 835 614 Nullum
851 584 1073 622 magistratum
1089 584 1133 613 est
1148 583 1294 622 adeptus·

558 667 618 699 ΤΙ.
642 669 922 699 SEMPRONIUS
949 669 984 699 P.
1008 668 1043 699 F.
1065 668 1123 698 TI.
1146 667 1191 698 N.
1215 667 1357 701 GRACe·

561 721 669 742 cr-wS.
692 713 815 752 Augur.
840 712 952 742 Cicero
969 713 1008 741 de
1023 711 1133 741 Divin.
1149 711 1171 741 i.
1195 712 1292 751 Epist.
1309 710 1350 741 ad

561 756 604 785 Q.
624 756 672 785 Fr.
691 755 724 785 ii.
763 754 929 785 Tribunus
948 754 1060 794 plebis,
1076 763 1163 784 anno
1179 755 1253 794 563.
1299 754 1352 785 Li-

557 799 632 829 vius
655 798 711 828 lib.
727 798 864 828 xxxviii.
910 798 1034 828 Gellius
1056 797 1113 828 lib.
1129 797 1183 827 vii.
1207 806 1279 836 cap.
1298 806 1351 834 19.

559 841 706 872 Valerius
722 840 777 871 lib.
796 841 838 870 iv.
855 850 927 880 cap.
946 851 973 871 1.
989 847 1020 870 et
1038 850 1066 870 2.
1092 840 1203 870 Cicero
1223 841 1261 870 de
1278 849 1352 879 pro-

559 884 676 915 vinciis
701 884 788 914 cons.
810 884 938 920 Praetor,
963 892 1050 913 anno
1067 890 1139 923 573.
1175 883 1351 914 Celtiberos

559 929 661 958 vicit:
696 936 759 965 300
785 936 898 957 eorum
927 927 1047 966 oppida
1074 926 1203 962 delevit,
1233 935 1354 956 monu-

561 977 779 1009 mentumque
809 970 939 999 suorum
969 979 1104 1009 operum
1135 969 1352 999 Gracchurim

560 1014 719 1054 oppidum
746 1014 778 1042 in
804 1012 960 1052 Hispania
984 1012 1169 1042 constituit:
1195 1013 1233 1041 de
1254 1011 1353 1042 Celti-

558 1056 643 1086 beris
659 1056 884 1094 triumphavit.
910 1055 1018 1085 Livius
1031 1055 1086 1085 lib.
1105 1054 1162 1085 xli.
1184 1055 1354 1094 Appianas

561 1101 595 1130 in
614 1099 745 1129 [berica.
780 1098 909 1128 Orosius
925 1098 982 1128 lib.
999 1099 1041 1128 iv.
1059 1107 1130 1137 cap.
1149 1106 1196 1128 10.
1233 1097 1351 1129 Consul

562 1151 641 1173 cum
665 1142 702 1171 C.
719 1140 867 1176 Claudio,
893 1150 980 1170 anno
998 1142 1071 1180 576.
1108 1140 1293 1170 Exercitum
1318 1140 1352 1171 in

561 1185 745 1215 Sardiniam
768 1184 876 1220 duxit,
893 1193 1007 1213 omnes
1024 1183 1196 1213 Sardorum
1217 1182 1353 1221 populos

561 1228 616 1267 qui
646 1227 839 1262 defecerant,
865 1227 897 1256 in
921 1226 1117 1255 deditionem
1142 1226 1273 1264 redegit,
1298 1227 1354 1256 de-

559 1279 626 1309 que
641 1270 679 1299 iis
697 1279 724 1299 11
745 1269 966 1308 triumphavit.
991 1269 1096 1299 Livius
1113 1268 1168 1298 lib.
1187 1268 1245 1299 xli.
1269 1268 1355 1298 Cen-

561 1313 610 1343 sor
625 1322 703 1343 cum
721 1313 757 1342 C.
775 1312 924 1349 Claudio,
941 1321 1028 1342 anno
1045 1312 1118 1352 584.
1164 1311 1272 1342 Livius
1294 1310 1353 1342 lib.

561 1356 644 1387 xliii.
672 1355 817 1387 Valerius
833 1355 889 1385 lib.
905 1355 950 1385 vi.
966 1364 1037 1394 cap.
1056 1363 1085 1395 5.
1117 1354 1228 1386 Cicero
1243 1353 1299 1384 lib.
1314 1354 1358 1385 de

562 1399 708 1435 Oratore,
732 1404 764 1429 et
786 1397 985 1429 Rhetoricmn
1007 1398 1124 1437 primo.
1171 1396 1289 1427 Consul
1309 1406 1353 1433 rr,

562 1451 641 1472 cum
666 1442 726 1473 Μ’.
743 1441 909 1477 Juventio,
927 1450 1014 1471 anno
1029 1449 1104 1480 590.
1143 1439 1354 1471 Caffiodorus.

564 1483 719 1516 Meminit
736 1485 848 1514 Cicero
865 1485 898 1514 in
915 1484 1024 1514 Bruto.
1069 1484 1119 1514 De
1139 1490 1254 1514 natura
1267 1484 1354 1513 Deo·

562 1537 636 1558 rum
655 1528 688 1558 ii.
732 1527 924 1558 Plutarchus
947 1526 980 1556 in
996 1526 1163 1557 Gracchis.
1208 1525 1355 1558 Valerius

563 1570 622 1603 lib,
640 1571 660 1601 i.
677 1579 747 1610 cap.
769 1579 796 1601 1.
812 1576 843 1601 et
860 1570 903 1600 iv.
920 1578 992 1609 cap.
1009 1569 1041 1600 6.

154 1705 213 1737 TI.
242 1699 522 1734 SEMPRONIUS
552 1698 612 1730 ΤῙ.
642 1699 676 1730 F.
768 1698 804 1728 C.
835 1696 1116 1727 SEMPRONIUS
1145 1694 1202 1727 TI.
1234 1696 1269 1727 F.
1299 1696 1357 1730 TI.

161 1758 189 1780 r·
224 1757 258 1779 rr.
290 1753 494 1776 GRACCHUS.
554 1743 680 1781 Augur.
769 1750 804 1772 N.
822 1749 1025 1771 camenus.
1051 1740 1210 1774 Quaestor,
1233 1739 1281 1771 M.
1300 1740 1358 1769 Le=

160 1791 309 1822 Quaestor
357 1788 392 1818 in
441 1784 597 1826 Hispania
641 1785 679 1817 C.
767 1783 857 1824 pido,
880 1782 915 1813 L.
939 1783 1046 1813 Oreste
1069 1792 1150 1813 COSS.
1187 1782 1298 1813 Cicero
1322 1783 1356 1813 in

162 1833 321 1867 Mancino
344 1829 479 1865 consuli,
504 1837 590 1858 anno
607 1828 681 1858 616.
769 1827 877 1857 Bruto.
920 1825 1086 1856 Tribunus
1109 1825 1153 1864 pl.
1177 1834 1264 1854 anno
1283 1826 1358 1863 630.

165 1878 278 1909 Cicero
308 1873 364 1904 lib.
397 1873 425 1903 ii.
473 1871 683 1902 Rhetoricwn,
771 1869 869 1907 Leges
895 1869 1030 1907 agrarias
1067 1875 1098 1898 et
1135 1868 1358 1899 frumentarias

165 1917 367 1954 Plutarchus.
412 1914 553 1945 Velleius
575 1913 632 1944 lib.
652 1913 686 1946 ii.
771 1912 866 1943 tulit:
891 1918 921 1941 et
939 1912 971 1941 in
988 1910 1124 1941 alterum
1140 1919 1266 1941 annum
1282 1919 1361 1941 con.

164 1963 334 1995 Tribunus
344 1958 571 1998 pl-anno620.
589 1956 686 1986 Rem.
771 1955 897 1986 tinuato
920 1954 1098 1990 tribunatu,
1119 1953 1363 1986 Triumvirvcm

166 2006 246 2047 pub.
264 2001 445 2043 perniciosis
460 2000 584 2039 legibus
599 1999 687 2029 labe-

167 2047 309 2084 faffiavit,
338 2051 451 2076 contra
483 2042 687 2074 voluntatem

166 2093 296 2125 senatus
324 2088 372 2119 M.
398 2086 533 2117 Octavio
555 2085 688 2124 collegae

167 2135 391 2174 magistratum
427 2129 612 2167 abrogavit:
657 2134 689 2159 et

168 2187 274 2218 quum
298 2176 414 2205 iterum
436 2172 508 2203 trib.
534 2171 577 2210 pl.
602 2180 689 2201 crea-

169 2223 197 2254 ri
223 2219 333 2255 vellet,
363 2215 489 2248 aueore
518 2214 551 2246 P.
573 2213 690 2245 Nafica

173 2266 209 2296 in
262 2259 421 2301 Capitolio
473 2257 693 2289 subselliorum

171 2303 361 2346 fragmentis
390 2301 513 2332 occisus
539 2301 595 2336 est,
623 2309 694 2330 cor-

174 2359 235 2393 pus
262 2350 298 2382 in
322 2345 470 2385 Tiberim
502 2342 692 2386 projfflum.

771 1997 875 2028 Ionias
892 1997 926 2027 in
941 1996 1070 2026 ltaliam
1085 2002 1116 2026 et
1131 1995 1361 2033 Carthaginem

773 2040 920 2076 deduxit,
949 2047 1118 2079 quumque
1147 2044 1288 2069 armatus
1318 2040 1364 2070 A.

773 2083 945 2114 ventinurn
961 2080 1155 2120 occupasset,
1173 2081 1212 2110 ab
1229 2081 1362 2120 Opimio

775 2135 840 2158 cos.
858 2131 1036 2155 convocato
1059 2123 1098 2153 ad
1122 2131 1211 2155 arma
1228 2122 1360 2163 populo,

775 2169 884 2210 pulsus
907 2168 961 2203 est.
985 2173 1017 2197 et
1043 2166 1266 2204 interemptus,
1295 2174 1366 2196 cor*

776 2221 836 2252 pus
853 2211 885 2240 in
900 2210 1045 2242 Tiberim
1067 2208 1255 2248 projectum.
1301 2208 1364 2239 Va.

779 2255 873 2285 lerius
917 2259 950 2282 et
993 2252 1183 2284 Plutarchus
1222 2249 1366 2282 auctores

780 2298 866 2335 sunt,
883 2296 1084 2331 Gracchum,
1101 2303 1142 2325 ne
1165 2295 1197 2323 in
1214 2293 1365 2324 inimico.

779 2350 854 2374 turn
875 2340 1065 2383 potestatem
1087 2337 1263 2376 deveniret,
1290 2335 1365 2370 Pni-

1506 2463 1518 2592 Mus<
