1572 2616
225 152 280 208 98
569 166 736 196 INDEX
769 167 825 196 IN
859 169 903 197 T.
928 168 1061 198 mvn

267 244 365 276 unius
379 244 456 276 anni
472 250 503 276 et
519 245 570 276 sex
583 246 743 278 mensium
758 246 896 287 spatium
911 248 1083 287 redegerat,
1096 250 1245 281 aerarium
1259 250 1346 290 facit,
1364 261 1419 292 24.

269 288 336 318 vid.
354 295 382 318 et
398 297 430 328 9,
444 298 495 328 33.
521 289 667 321 tribunus
684 290 829 322 militum
844 292 999 322 consulari
1017 293 1183 332 potestate,
1199 303 1233 334 4,
1251 302 1303 332 31.

227 330 265 362 C.
282 332 394 362 Furius
407 331 532 363 Pacilus
548 333 659 364 consul
675 340 810 371 creatur,
827 344 861 375 4,
880 343 933 376 52.

226 375 264 406 1..
280 375 406 414 Furius,
423 375 548 412 consul,
572 375 680 408 resistit
701 379 830 417 agrariae
845 378 920 418 legi,
939 389 971 416 2,
988 385 1041 419 54.
1064 380 1133 418 post
1158 378 1362 410 consulatum
1383 379 1421 410 fit

270 427 342 451 reus
356 419 397 449 ad
413 419 586 459 populum,
603 419 675 451 ibid.
698 421 857 459 tribunus,
881 422 936 462 qui
961 431 1039 452 eum
1066 422 1248 460 accusabat,
1272 429 1420 454 mortuus

270 462 359 492 domi
375 462 537 499 inventus,
553 462 627 494 ibid.

226 504 268 537 L.
279 506 406 543 Furius,
421 506 568 536 tribunus
593 506 738 537 militum
765 507 920 538 consulari
937 509 1089 548 potestate
1115 517 1193 539 cum
1214 508 1366 546 Camillo,
1389 510 1421 549 6⁸,

272 559 324 580 22.
346 549 414 587 ejus
429 549 595 579 temeraria
609 550 756 581 adversus
771 550 930 590 collegam
947 552 1118 590 protervia,
1135 562 1187 591 23.
1204 561 1312 592 pugna
1328 552 1421 582 initio

269 592 476 632 improspera,
504 599 536 623 et
562 594 756 633 corrigendae
783 594 889 634 culpae
917 595 1071 633 studium,
1099 606 1151 636 24.
1181 595 1358 626 moderatio
1388 596 1422 624 in

269 645 348 666 eum
360 635 504 672 Camilli,
520 643 572 676 25.

228 678 264 709 L.
281 678 407 715 Furius,
424 679 572 709 tribunus
588 677 703 719 plebis,
722 689 754 718 9,
771 690 824 720 42.

228 723 264 752 L.
280 722 393 753 Furius
406 721 592 760 Bibaculus,
609 724 756 762 quaestor,
774 725 807 754 in
825 723 936 763 proelio
950 724 990 754 ad
1003 724 1132 754 Cannas
1147 723 1283 760 occisus,
1301 733 1354 760 22,
1367 733 1423 764 49.

226 766 262 796 L.
278 766 392 796 Furius
404 765 574 803 Camillus,
590 765 734 804 dictator,
748 767 849 797 reddit
864 767 1008 797 Patribus
1023 766 1241 808 poffeffionem
1255 767 1421 806 pristinam

269 809 467 846 consulatus,
485 816 516 846 7,
536 819 587 849 24.
612 809 653 839 ob
676 810 708 839 id
733 811 887 841 meritum
908 810 1020 841 consul
1047 817 1182 847 creatur,
1204 810 1277 841 ibid.
1300 810 1423 849 collega

270 859 413 888 mortuo,
430 852 515 882 solus
528 852 763 892 rempublicam
779 860 810 883 et
821 853 946 884 bellum
963 853 1127 884 Gallicum
1143 854 1353 890 administrat,
1369 861 1424 893 25.

270 896 374 926 vincit
390 895 513 933 Gallos,
531 896 583 927 26.
606 896 753 927 adversus
776 897 906 927 Graecos
928 897 969 926 ad
991 906 1080 927 oram
1105 897 1304 927 maritimam
1320 897 1424 936 profe-

270 938 354 976 ctus,
370 938 498 969 nullam
521 939 768 970 memorabilem
793 949 862 970 rem
889 941 979 979 gerit,
1005 940 1077 971 ibid.
1100 939 1233 970 metator
1256 940 1289 969 in
1313 948 1424 979 pugna

271 982 418 1013 adversus
439 983 624 1020 Auruncos,
640 989 734 1013 vovet
750 983 854 1014 aedem
869 983 990 1013 Junoni
1005 984 1161 1021 Monetae,
1177 984 1228 1013 28.

228 1025 264 1056 L.
282 1025 395 1056 Furius
421 1025 591 1063 Camillus,
620 1026 743 1064 consul,
773 1027 804 1063 8,
833 1035 882 1064 13.
905 1027 992 1066 capit
1017 1027 1141 1057 Pedum
1164 1025 1333 1065 oppidum,
1351 1024 1423 1055 ibid.

271 1069 464 1108 triumphat,
482 1068 553 1098 ibid.
576 1070 678 1100 statua
699 1070 848 1109 equestris
863 1069 890 1099 ei
908 1070 941 1100 in
957 1070 1024 1100 foro
1041 1069 1152 1108 posita,
1169 1069 1241 1098 ibid.
1265 1068 1333 1106 ejus
1354 1077 1424 1098 ora-

272 1112 318 1142 tio
334 1112 374 1142 ad
391 1113 536 1142 senatum
553 1112 592 1141 de
609 1113 728 1143 Latinis
744 1112 884 1152 populis,
899 1112 970 1143 ibid.
993 1112 1105 1142 consul
1123 1113 1252 1148 iterum,
1270 1120 1321 1149 29.

229 1155 265 1186 L.
281 1155 394 1186 Furius
409 1154 620 1185 Medullinus.
639 1156 689 1196 (In
704 1156 754 1185 hoc
769 1156 880 1185 nomine
892 1156 968 1184 tanti
985 1166 1090 1184 errores
1106 1154 1259 1194 implicant
1274 1153 1355 1193 apud
1368 1153 1424 1183 Li-

272 1198 371 1235 vium,
388 1204 421 1227 ut
441 1198 521 1227 haud
531 1197 631 1238 facile
647 1199 689 1227 ad
700 1198 844 1240 liquidum
856 1198 980 1238 perduci
997 1209 1040 1227 res
1058 1197 1152 1237 poffi't.
1198 1198 1261 1226 Nec
1283 1197 1360 1225 tanti
1375 1197 1423 1235 {st-

274 1242 381 1283 Itaquc
396 1247 568 1281 apponemus
582 1248 678 1272 notam
695 1252 790 1271 earum
806 1241 941 1278 locorum,
959 1241 989 1270 in
1005 1241 1107 1282 quibus
1124 1241 1163 1271 L.
1180 1240 1286 1270 Furius
1303 1239 1424 1269 Medul-

273 1284 350 1314 linus
365 1284 495 1326 aliquem
519 1284 722 1324 magistratum
735 1283 842 1326 gqffiffi
857 1284 978 1322 dicitur,
996 1284 1063 1312 licet
1087 1295 1140 1312 non
1164 1283 1260 1312 omnia
1283 1283 1313 1312 in
1337 1293 1425 1312 unum

275 1328 415 1358 hominem
431 1327 617 1365 conveniant,
635 1334 662 1357 et
672 1328 739 1368 sint
754 1328 785 1357 in
801 1327 867 1357 duos
880 1327 976 1368 tresve
991 1326 1197 1368 dtspertienda,
1213 1333 1247 1356 ut
1262 1326 1368 1366 corgstat
1391 1337 1426 1355 ex

274 1371 393 1411 Sigonio
408 1371 449 1400 ad
460 1381 494 1410 4,
512 1370 578 1411 44.)

233 1416 269 1446 L.
286 1415 398 1445 Furius
415 1414 628 1450 Medullinus,
644 1412 792 1444 tribunus
809 1413 952 1444 militurn
969 1412 1125 1443 consulari
1143 1413 1307 1452 potestate,
1323 1421 1357 1450 4,
1374 1422 1389 1442 2
1395 1420 1425 1450 5.

276 1465 306 1488 et
324 1465 375 1498 35.
399 1458 531 1494 iterum,
546 1466 599 1496 44.
624 1463 747 1486 creatur
761 1456 885 1492 consul,
902 1465 953 1497 51.
977 1456 1089 1486 consul
1107 1456 1235 1491 iterum,
1256 1462 1307 1495 54.
1324 1462 1356 1484 et
1372 1457 1424 1485 61.

274 1502 423 1532 tribunus
439 1499 583 1530 militum
606 1499 762 1530 consulari
787 1501 950 1539 potestate,
968 1509 1071 1538 quum
1084 1498 1155 1537 jam
1171 1499 1298 1528 funetus
1314 1507 1352 1527 eo
1368 1497 1427 1527 ho-

273 1554 353 1575 nore
375 1543 461 1581 esset,
480 1551 532 1583 57.
554 1543 699 1579 tertium,
718 1551 750 1582 5,
771 1553 819 1582 14.
843 1549 1009 1582 quartum,
1029 1545 1078 1573 16.
1101 1542 1267 1581 quintum,
1285 1551 1336 1579 24.
1360 1540 1428 1570 sex-

275 1594 362 1623 tum,
380 1588 432 1618 26.
455 1586 642 1625 septimum,
662 1594 714 1623 32.

232 1631 268 1661 L.
287 1630 398 1660 Furius
413 1629 586 1668 Purpureo,
605 1628 753 1657 tribunus
769 1627 926 1664 militurn,
943 1634 996 1663 27,
1016 1636 1045 1657 2.
1068 1632 1195 1666 praetor,
1214 1635 1267 1664 31,
1282 1635 1315 1664 4.
1340 1625 1428 1655 sorti-

276 1679 328 1704 tur
348 1671 503 1708 Galliam,
521 1672 551 1700 6.
569 1677 600 1700 et
619 1680 668 1701 10.
692 1669 803 1700 Gallos
826 1670 939 1707 vincit,
957 1679 1009 1701 21.
1033 1671 1112 1709 petit
1140 1669 1356 1708 triumphurn,
1372 1675 1427 1706 47.

276 1716 316 1746 de
338 1725 376 1746 ea
398 1724 430 1745 re
456 1714 552 1744 variae
567 1715 599 1744 in
617 1714 727 1743 senatu
748 1713 925 1750 sententiae,
942 1714 995 1752 48.
1019 1713 1210 1752 triumphat,
1226 1722 1280 1752 49.
1303 1718 1427 1741 creatur

277 1758 403 1794 consul,
423 1766 475 1796 33,
492 1767 544 1797 24.
562 1766 616 1796 per
632 1756 753 1786 tribum
769 1757 957 1796 Sappiniam
973 1757 1006 1786 in
1023 1756 1116 1786 Boios
1133 1756 1232 1791 venit,
1251 1762 1301 1792 37.
1326 1763 1429 1793 popu-

277 1803 364 1833 latur
385 1810 500 1841 agrum
527 1800 694 1836 Boiorum,
710 1799 782 1829 ibid.
806 1800 889 1829 aedes
915 1800 955 1829 ab
977 1809 1017 1834 eo
1039 1804 1137 1834 votat,
1155 1808 1207 1837 34,
1225 1807 1277 1838 53.
1303 1804 1356 1837 35,
1371 1806 1425 1835 41.

276 1846 415 1884 legatus,
433 1851 486 1882 37,
504 1848 556 1884 55.
573 1843 681 1873 resistit
695 1842 756 1873 Cn.
774 1842 912 1879 Manlio,
929 1842 1135 1881 triumphum
1151 1841 1285 1880 petenti,
1303 1842 1356 1877 38,
1373 1850 1427 1878 44.

279 1895 308 1918 et
327 1894 381 1928 45.
402 1887 468 1916 vid.
491 1893 518 1915 et
543 1893 594 1925 54.
619 1894 739 1924 magna
764 1886 971 1915 contentione
991 1885 1159 1915 censuram
1183 1884 1273 1923 petit,
1298 1893 1351 1923 39,
1374 1893 1428 1922 40.

278 1931 402 1970 legatus
417 1930 450 1958 in
467 1928 609 1959 Galliam
623 1927 869 1967 Transalpinam
886 1928 1037 1964 mittitur,
1057 1935 1109 1968 54.
1381 1966 1387 1972 ι

237 1975 274 2006 L.
291 1973 404 2004 Furius
426 1972 598 2012 Purpureo,
613 1970 736 2010 legatus
751 1972 791 2001 ad
806 1971 984 2002 concilium
999 1970 1197 2006 AEtolorurn,
1214 1978 1267 2006 31,
1285 1977 1337 2006 29.
1360 1977 1430 2005 ejus

282 2023 397 2053 oratio,
440 2024 467 2045 1.

238 2062 275 2093 L.
290 2060 404 2090 Furius
415 2025 552 2093 3PhiluS,
566 2062 689 2087 creatur
711 2062 838 2095 praetor,
860 2065 913 2095 42,
938 2057 991 2086 28.
1013 2054 1139 2084 sortitur
1163 2053 1357 2091 Sardiniam,
1376 2062 1428 2092 31.

281 2102 427 2143 pontifex
444 2100 589 2137 moritur,
604 2108 657 2139 43,
678 2108 727 2137 13.

238 2148 289 2179 M.
308 2146 418 2176 Furius
439 2143 579 2174 defendit
603 2143 637 2171 in
661 2141 770 2172 senatu
794 2140 843 2171 M.
860 2139 1042 2176 Aurelium,
1058 2148 1157 2179 quem
1179 2138 1371 2169 accusabant
1388 2138 1431 2168 le-

280 2190 345 2230 gati
360 2186 512 2226 Philippi,
531 2195 585 2224 30,
599 2195 654 2224 42.

240 2234 289 2264 M.
307 2231 432 2267 Furius,
449 2229 582 2268 legatus,
602 2237 654 2266 31,
671 2237 722 2258 21.

240 2277 289 2307 M.
312 2274 424 2304 Furius
446 2271 616 2307 Camillus,
639 2270 789 2300 tribunus
811 2268 954 2298 militum
978 2267 1133 2297 consulari
1161 2268 1324 2306 potestate,
1348 2273 1381 2307 5,
1402 2276 1429 2298 1.

281 2319 412 2353 iterum,
442 2325 490 2345 10.
514 2320 626 2345 contra
649 2312 784 2343 Faliscos
808 2311 1027 2351 proficiscitur,
1055 2321 1104 2341 12.
1128 2311 1258 2340 tertium
1283 2309 1430 2339 tribunus

282 2359 426 2391 militum
442 2357 598 2388 consulari
620 2356 784 2396 potestate,
805 2364 853 2395 14.
877 2363 895 2384 a
911 2354 1040 2393 Capena
1055 2354 1199 2393 ingentes
1216 2353 1336 2392 praedas
1353 2351 1429 2390 agit.

283 2402 354 2434 ibid.
378 2402 527 2439 interrex,
546 2408 596 2437 17.
618 2399 764 2437 dietator,
783 2407 834 2438 19.
849 2396 941 2428 ludos
957 2406 1093 2437 magnos
1107 2407 1148 2428 ex
1161 2393 1429 2427 senatusconsulto
