1572 2616
256 165 344 211 216
595 180 759 209 1NDEx
796 179 852 208 IN
887 180 932 208 T.
956 179 1092 209 L1V11
1140 188 1147 191 „

254 260 365 291 Rostra
381 260 526 297 navium,
543 268 583 290 ex
597 260 741 290 hostibus
757 266 940 300 captarum,
955 259 987 289 in
1003 259 1071 289 aede
1086 259 1224 290 Junonis
1240 259 1360 291 Patavii
1374 259 1452 297 fixa,

307 313 356 340 10,
375 314 406 334 2.
931 333 934 334 γ

256 346 373 376 Rostris
390 347 523 376 navium
547 345 726 385 suggestum
752 346 784 375 in
808 346 876 376 foro
900 346 1027 382 Romae,
1045 344 1240 375 exstrustum
1257 345 1451 376 adornatur:

298 390 471 429 Rostraque
488 390 518 419 id
535 388 695 428 tempium
719 389 910 429 appellatur,
928 390 961 426 8,
983 398 1032 428 ¹4·
1056 388 1167 419 Rostra
1181 398 1235 429 per
1250 389 1453 429 anticipatio-

298 442 376 464 nem
391 442 409 462 a
424 433 512 462 Livio
529 434 712 468 nominata,
727 441 762 471 4,
784 442 794 462 1
806 440 833 469 7.

254 474 403 507 Rubrum
422 485 522 513 mare,
541 475 594 514 36,
616 483 664 512 17.
687 484 743 514 42,
762 482 813 515 52.
836 484 893 515 45,
911 486 942 516 9.

254 518 431 556 Ruffrium,
449 519 621 558 oppidum,
638 519 670 555 8,
688 526 739 558 25.

253 561 390 598 RuffuH,
409 562 528 592 tribuni
546 561 690 592 militum
707 571 725 591 a
740 560 871 591 consule
886 560 973 599 faffi,
989 570 1055 591 non
1069 569 1088 591 a
1103 559 1236 601 populo,
1252 568 1282 599 7,
1302 568 1331 601 5.

253 604 436 635 Ruminalis
453 605 546 642 ficus,
563 604 643 634 olim
659 604 854 643 Romularis,
874 614 904 642 1,
921 615 952 645 4.

253 647 362 687 Rupes
378 655 469 678 aceto
486 654 657 688 perruptae,
672 656 725 685 21,
742 655 793 686 37.

252 691 286 721 P.
305 691 466 731 Rupilius,
482 691 592 721 consul
610 692 641 721 in
659 691 769 722 Sicilia
785 700 863 721 cum
877 691 1018 730 fugitivis
1033 690 1183 726 debellat,
1202 690 1285 729 Epit.
1303 697 1354 729 59.

251 733 405 771 Ruscino,
422 735 509 771 urbs,
528 744 580 770 21,
599 743 650 774 24.
674 734 894 764 Ruscinonem
909 735 1110 765 conveniunt
1125 733 1248 773 aliquot
1263 733 1377 763 Galliae
1393 741 1450 772 po-

296 778 364 817 puli
380 778 527 808 adversus
545 777 754 815 Annibalem,
771 777 843 808 ibid.

252 820 406 858 Ruscino,
425 828 534 860 portus
547 820 679 858 Africae,
699 830 752 859 30,
773 829 822 850 10.

251 863 414 894 Rusellani
430 864 549 894 abietes
572 864 606 893 in
630 864 830 894 fabricandas
856 872 966 900 naves,
984 868 1015 893 et
1030 862 1183 893 frumenti
1206 870 1366 901 magnum
1389 870 1449 892 nu-

296 917 425 937 merum
441 907 633 946 pollicentur
648 907 805 946 Scipioni,
823 907 873 939 28,
887 916 940 946 45.

250 950 441 980 Rusellanus
457 959 542 989 ager,
562 959 612 987 10,
624 959 658 989 4.
681 950 745 989 agri
757 950 881 987 vastati,
898 956 929 979 et
945 949 1102 989 oppidum
1117 954 1356 988 expugnatum,
1376 954 1427 986 37.

251 993 406 1029 Rutilius,
425 993 534 1023 auStor
550 1003 569 1023 a
585 993 675 1023 Livio
691 994 821 1029 citatus,
840 1002 893 1033 39,
912 1003 963 1033 52.

250 1037 284 1067 P.
302 1036 455 1072 Rutilius,
478 1037 624 1066 tribunus
648 1035 762 1075 plebis,
779 1045 835 1077 43,
854 1037 905 1067 18.
929 1036 1014 1066 tribu
1030 1042 1137 1066 motus
1162 1045 1180 1065 a
1203 1033 1399 1070 censoribus,
1416 1038 1448 1064 et

294 1080 422 1109 aerarius
438 1079 549 1113 fabius,
566 1089 621 1119 44,
644 1081 692 1110 16.

250 1123 285 1154 P.
302 1122 442 1153 Rutilius
459 1122 577 1153 Calvus
594 1129 719 1153 creatur
735 1128 862 1162 praetor,
878 1129 933 1162 45,
950 1132 1006 1162 44.

248 1166 306 1205 Sp.
319 1166 459 1196 Rutilius
475 1165 612 1203 Crassus,
626 1166 773 1196 tribunus
789 1165 934 1195 militurn
950 1163 1106 1195 consulari
1124 1164 1290 1206 potestate,
1306 1172 1339 1202 4,
1356 1168 1410 1202 47.

249 1209 364 1245 Rutili,
387 1219 415 1245 1,
440 1219 471 1241 2.
498 1218 611 1239 eorum
638 1218 692 1238 rex
715 1209 859 1245 Turnus,
878 1208 950 1238 ibid.
980 1208 1020 1238 ab
1041 1207 1146 1237 AEnea
1168 1207 1357 1242 vincuntur,
1374 1204 1450 1234 ibid.

293 1253 485 1290 confugiunt
508 1253 547 1282 ad
572 1252 788 1289 Mezentium,
805 1261 912 1290 regem
929 1250 1148 1287 Etruscorum,
1166 1249 1238 1280 ibid.
1261 1249 1298 1279 iis
1320 1247 1446 1278 bellum

292 1295 386 1325 infert
399 1295 596 1335 Tarquinius
609 1294 780 1335 Superbus,
799 1304 850 1335 57.

830 1502 863 1532 S.

244 1587 476 1634 SABATINA
493 1603 593 1634 tribus
610 1612 707 1640 nova,
725 1604 757 1640 6,
777 1612 807 1643 5·

246 1646 402 1683 Sabatini,
420 1647 608 1686 Campaniae
624 1646 750 1685 populi,
769 1646 824 1683 26,
841 1655 895 1685 33.

245 1689 381 1719 Sabellae
398 1691 558 1725 cohortes,
580 1698 630 1726 10,
652 1698 702 1727 19.

244 1732 391 1762 Sabellus
408 1741 490 1772 ager,
509 1733 540 1769 8,
559 1742 586 1761 1.

242 1775 437 1805 Sabinarum
453 1775 615 1814 virginum
628 1780 751 1814 raptus,
772 1783 801 1810 1,
820 1784 850 1814 9.
873 1773 1030 1803 dirimunt
1046 1771 1197 1812 proelium
1223 1770 1305 1801 inter
1318 1769 1441 1801 Roma·

286 1828 345 1848 nos
358 1825 388 1848 et
404 1818 552 1855 Sabinos,
574 1827 622 1855 13.
646 1827 757 1847 earum
773 1817 908 1847 nomina
920 1816 1015 1847 curiis
1031 1815 1191 1855 imposita,
1209 1814 1280 1845 ibid.

240 1860 351 1891 Sabini
368 1861 490 1892 bellum
508 1867 619 1900 parant
635 1867 746 1890 contra
760 1860 925 1890 Romanos
941 1859 983 1890 ob
998 1866 1126 1899 raptum
1142 1858 1295 1894 filiarum,
1316 1866 1345 1893 1,
1363 1864 1394 1894 9.
1408 1861 1440 1886 et

288 1914 337 1934 10.
362 1911 473 1934 tenent
495 1913 615 1940 arcem,
637 1914 685 1934 11.
711 1903 861 1943 proelium
887 1912 965 1933 cum
989 1902 1157 1937 Romanis,
1178 1911 1226 1932 12-
1251 1907 1282 1930 et
1300 1908 1350 1937 13.
1374 1908 1437 1937 pax

284 1948 449 1983 convenit,
468 1957 521 1986 13.⁸
540 1947 625 1977 bello
642 1947 731 1986 petiti
748 1956 766 1976 a
779 1946 878 1976 Tullo
903 1945 1040 1976 Hostilio
1063 1946 1249 1979 vincuntur,
1269 1953 1320 1982 30.
1336 1949 1366 1971 et
1385 1950 1436 1979 31.

283 1990 407 2027 Sabini,
433 1991 487 2029 qui
513 1999 590 2020 cum
605 1990 701 2020 Tatio
724 1990 937 2029 migraverant
955 1989 1110 2024 Romam,
1128 1986 1325 2026 Capitolium
1341 1990 1372 2014 et
1388 1993 1437 2013 ar-

282 2042 354 2063 cem
373 2033 571 2069 incolebant,
590 2043 642 2071 33.
667 2033 793 2063 Sabinis
813 2032 937 2062 bellum
954 2033 1047 2061 infert
1061 2030 1268 2068 Tarquinius,
1287 2028 1338 2066 36.
1361 2026 1437 2056 fun-

282 2076 415 2114 duntur,
432 2083 483 2115 37.
508 2075 632 2106 bellum
656 2083 781 2114 parant,
800 2085 830 2112 2,
852 2076 900 2105 16.
925 2084 1052 2114 pacem,
1068 2079 1174 2102 creato
1199 2071 1312 2100 Romae
1338 2068 1436 2098 dieta-

279 2124 359 2154 tore,
378 2125 504 2158 petunt,
527 2119 575 2149 18·
601 2119 738 2148 Sabinus
755 2118 929 2154 turnultus,
947 2120 998 2148 26.
1022 2118 1138 2146 iterum
1162 2114 1285 2143 bellum
1308 2117 1434 2151 parant,

282 2171 333 2199 31.
358 2163 544 2197 vincuntur,
562 2161 633 2191 ibid.
657 2171 747 2191 arma
763 2160 967 2199 conjungunt
983 2159 1169 2188 Veientibus
1184 2163 1296 2187 contra
1312 2155 1435 2185 Roma-

281 2214 353 2239 nos,
371 2205 421 2234 sed
439 2205 621 2240 caeduntur,
642 2214 693 2244 53.
717 2204 815 2242 usque
839 2204 878 2233 ad
902 2209 1007 2242 portas
1023 2202 1108 2231 urbis
1132 2200 1322 2239 populantes
1346 2199 1434 2228 ince-

280 2247 374 2283 dunt,
394 2249 442 2286 63.
460 2247 526 2277 vid.
554 2254 581 2276 et
607 2247 660 2287 64.
683 2246 807 2276 bellum
833 2246 973 2276 inferunt
1001 2244 1169 2280 Romanis,
1195 2253 1226 2282 3,
1252 2243 1304 2273 26.
1327 2247 1355 2270 et
1380 2250 1432 2278 30.

280 2299 389 2328 pugna
405 2300 482 2320 cum
500 2290 622 2327 iisdem,
641 2290 693 2321 62.
717 2290 892 2319 vincuntur
907 2298 925 2318 a
941 2288 1111 2325 Romanis,
1128 2288 1180 2324 63.
1204 2294 1317 2316 eorum
1333 2284 1433 2314 castra

277 2332 412 2370 direpta,
429 2332 500 2363 ibid.
523 2332 614 2363 vietis
629 2342 648 2363 a
663 2332 722 2363 Μ’.
739 2332 837 2364 Curio
852 2332 994 2363 Dentato
1009 2331 1121 2362 civitas
1135 2330 1227 2360 datur
1239 2328 1355 2367 absque
1372 2326 1433 2357 suf-

279 2375 391 2414 fragio,
413 2385 463 2415 11,
480 2385 531 2408 21.
549 2382 580 2406 et
597 2386 650 2407 22.
