1572 2616
168 152 255 199 132
518 155 683 186 mmzx
718 156 773 186 IN
809 155 855 187 τ.
879 156 1014 189 nvn

205 232 349 272 Italiam,
365 244 420 275 44,
441 242 492 273 17.
513 234 581 275 ejus
597 246 644 267 res
659 237 751 276 gestae
769 237 801 268 in
819 238 936 276 Gallia,
952 248 1009 280 45,
1030 247 1082 271 12.
1099 245 1285 280 prorogatur
1299 239 1365 271 im-

207 279 348 318 perium,
368 287 416 316 17.
440 278 563 319 legatus
576 281 609 310 in
626 280 869 319 Macedoniam,
884 282 956 313 ibid.

165 320 203 352 C.
221 322 365 354 Licinius
381 323 548 361 Lucullus,
564 324 724 362 tribunus,
742 325 889 355 triumvir
906 325 1011 366 Epulo
1035 332 1169 361 creatur,
1186 327 1240 366 qui
1257 325 1364 367 legem

208 365 248 396 de
264 366 409 397 creandis
423 367 597 397 triumviris
622 367 823 407 Epulonibus
845 368 973 407 tulerat,
993 379 1046 408 33,
1062 380 1116 410 42.
1140 371 1286 401 triumvir
1302 369 1364 401 aedi

206 409 389 440 ‚luventatis
405 410 604 447 dedicandae,
622 413 675 450 36,
694 412 746 450 36.

165 451 204 483 C.
220 451 363 484 Licinius
388 453 508 491 Nerva,
532 454 668 494 legatus,
694 455 829 485 nunciat
853 455 1020 487 viftoriam
1045 456 1084 487 de
1109 456 1239 493 Gentio,
1257 465 1312 496 45,
1331 464 1362 495 3.

207 504 335 536 praeror,
355 506 404 538 14.
426 497 554 527 sortitur
577 498 770 538 Hispaniam
793 498 990 538 ulteriorem,
1013 502 1063 532 16.
1086 500 1221 540 legatus,
1238 500 1364 531 reducit

208 539 330 570 obfides
346 542 379 570 in
393 539 582 577 Thraciam,
599 551 653 581 42.

165 582 201 615 C.
217 583 359 613 Licinius
375 583 493 615 Calvus
517 584 619 622 Stolo,
637 584 792 624 plebeius,
810 586 969 617 minorem
986 586 1035 617 M.
1055 586 1143 617 Fabii
1159 585 1308 617 Ambusti
1324 584 1363 617 fi·

205 625 285 657 liam
302 636 436 658 uxorem
453 628 555 666 ducit,
574 629 606 664 6,
623 638 674 668 34.
698 636 823 659 creatur
839 630 985 660 tribunus
1001 629 1115 669 plebis,
1134 637 1184 670 35.
1207 629 1292 669 leges
1306 630 1362 660 ad-

204 671 309 701 versus
328 671 535 710 patriciorum
558 681 633 711 opes
657 672 852 712 promulgat,
870 672 942 702 ibid.
967 673 1099 703 refefilus
1124 674 1272 704 tribunus
1295 672 1363 713 ple-

204 712 267 751 bis,
289 724 356 744 non
381 715 498 754 patitur
522 716 619 745 creari
647 715 773 747 curules
799 716 1015 756 magistratus,
1028 716 1101 747 ibid.
1124 717 1289 746 decimum
1308 716 1363 746 tri-

205 756 314 788 bunus
337 757 439 797 plebis
461 758 606 795 refeous,
623 758 693 789 suas
717 758 801 798 leges
826 760 950 799 perfert,
967 769 1021 799 42.
1044 766 1167 791 creatur
1183 759 1307 798 consul,
1328 767 1359 797 7,

207 810 238 831 2.
255 801 385 838 iterum,
403 810 434 838 9.
457 801 512 832 sua
529 802 624 841 ipsius
639 802 708 842 lege
724 803 908 840 damnatur,
930 804 980 834 16.

165 842 200 873 L.
215 844 370 881 Licinius,
388 851 514 883 praetor,
534 854 588 882 27,
607 846 636 875 8.

162 886 198 916 1..
217 887 358 918 Licinius
375 887 488 924 Pollio,
504 888 640 928 legatus,
658 895 711 926 27,
729 899 782 929 29.

162 930 198 961 L.
214 930 356 962 Licinius
370 930 540 968 Lucullus,
557 932 658 962 aedilis
674 932 806 970 curulis,
826 941 879 970 30,
895 942 946 973 39.

161 973 196 1004 L.
216 974 357 1005 Licinius
382 974 550 1013 Lucullus,
576 984 642 1006 cos.
667 985 686 1005 a
710 975 846 1006 tribunis
870 975 915 1016 pl.
937 977 970 1005 in
994 984 1155 1006 carcerem
1179 974 1359 1014 conjicitur,

207 1017 291 1057 Epit.
331 1019 361 1049 8.

161 1059 197 1090 L.
217 1028 370 1092 Lucufius
385 1070 450 1092 cos.
465 1060 500 1092 L.
514 1061 549 1092 F.
563 1062 597 1092 L.
612 1061 656 1092 N.
670 1061 813 1102 prospere
823 1061 968 1093 adversus
983 1062 1208 1093 Mithridatem
1223 1068 1360 1103 pugnat,

168 1142 171 1144 μ
207 1104 293 1143 Epit.
309 1113 361 1145 94.

163 1146 213 1178 Μ.
230 1148 386 1187 Licinius,
403 1148 552 1178 tribunus
568 1148 722 1182 militum,
740 1149 897 1179 occiditur
913 1149 946 1178 in
960 1148 1085 1188 proelio,
1104 1156 1157 1185 27,
1174 1157 1224 1179 12.

164 1191 212 1221 M.
231 1191 374 1222 Licinius
397 1191 520 1222 Crassus
543 1201 609 1222 non
634 1192 752 1231 patitur
776 1201 829 1231 per
852 1192 992 1223 fundum
1011 1192 1105 1222 suurn
1128 1200 1248 1231 aquam
1271 1190 1359 1227 duci,

227 1243 260 1271 0,
304 1244 331 1265 1.

162 1242 371 1308 llffLic'inius
395 1276 563 1314 Lucullus,
587 1283 713 1317 praetor,
731 1287 784 1319 39,
803 1278 833 1308 6.
858 1276 983 1309 sortitur
1002 1276 1257 1316 jurisdiffionem
1278 1277 1360 1306 inter

205 1322 399 1360 peregrinos,
418 1321 448 1350 8.
464 1327 495 1350 et
516 1321 564 1351 18.

163 1363 211 1393 M.
231 1364 382 1395 Lucullus
397 1364 540 1394 Thraces
557 1362 685 1402 subigit,
701 1364 785 1404 Epir.
804 1371 857 1404 97.

162 1406 212 1438 M.
238 1408 379 1438 Licinius
407 1407 533 1445 Strabo,
566 1407 715 1439 tribunus
742 1407 901 1446 militum,
929 1406 1091 1437 fortiffime
1117 1406 1289 1444 dimicans,
1317 1405 1358 1435 ab

203 1451 287 1481 Istris
301 1451 500 1487 interficitur,
517 1460 573 1490 41,
590 1451 619 1480 6.

159 1493 194 1525 P.
211 1494 353 1525 Licinius
377 1494 508 1531 Calvus,
527 1494 650 1533 primus
677 1503 719 1523 ex
745 1493 837 1533 plebe
860 1493 1010 1524 tribunus
1031 1492 1175 1523 militum
1199 1491 1357 1523 consulari

205 1539 358 1576 potestate
382 1544 518 1574 creatus,
538 1544 569 1576 5,
590 1546 640 1567 12.
664 1546 769 1576 quum
796 1537 912 1567 iterum
938 1537 1084 1566 tribunus
1111 1536 1253 1566 militum
1277 1544 1358 1565 con-

205 1580 296 1611 sulari
317 1582 467 1620 potestate
493 1586 663 1615 crearetur,
687 1586 768 1616 orat,
791 1586 828 1609 ut
851 1580 889 1616 is,
913 1579 968 1617 qui
992 1579 1047 1608 fibi
1071 1579 1279 1615 deferebatur,
1297 1579 1362 1608 ho—

203 1633 262 1654 nos
278 1623 345 1654 filio
369 1624 424 1653 suo
449 1623 633 1659 mandetur,
652 1623 701 1652 18.
725 1623 794 1661 ejus
818 1623 856 1652 de
878 1622 986 1662 praeda
1008 1622 1162 1652 Veiorum
1187 1621 1356 1658 sententia,

225 1675 255 1696 0.

157 1709 190 1740 P.
205 1676 350 1740 Licinius
366 1708 497 1747 Calvus,
514 1709 661 1740 tribunus
677 1707 822 1739 militum
845 1706 1000 1738 consulari
1025 1708 1188 1747 potestate,
1206 1715 1236 1747 5,
1258 1707 1306 1737 18.
1324 1712 1356 1737 et

204 1763 256 1784 20.

158 1796 191 1826 P.
208 1796 349 1827 Licinius
365 1793 489 1826 Crassus
505 1794 651 1835 pontifex
667 1795 833 1825 maximus
849 1800 974 1824 creatur
989 1800 1063 1824 ante
1079 1793 1281 1831 aedilitatem,
1299 1800 1354 1834 25,

203 1847 232 1879 5.
259 1840 405 1878 magister
428 1840 589 1878 equitum,
608 1846 660 1876 27,
688 1846 719 1878 5.
741 1838 863 1874 censor,
882 1839 912 1868 6.
934 1843 1062 1877 praetor,
1079 1846 1132 1868 21.
1155 1837 1280 1867 sortitur
1301 1836 1356 1875 ju-

200 1882 415 1913 risdiffionem
438 1882 652 1921 peregrinam,
680 1892 732 1912 22.
756 1880 879 1917 consul,
905 1883 958 1917 28,
987 1881 1037 1918 38.
1064 1880 1203 1911 Bruttios
1227 1881 1354 1920 provin-

200 1926 289 1956 ciam
303 1932 394 1955 extra
417 1925 532 1955 sortem
549 1925 678 1963 accipit,
698 1935 750 1964 29,
772 1934 799 1954 1.
824 1925 911 1963 gravi
929 1924 1043 1954 morbo
1064 1923 1224 1961 adficitur,
1250 1923 1297 1953 uti
1321 1928 1354 1953 et

201 1968 270 2005 ejus
286 1969 458 2004 exercitus,
478 1978 528 1998 10.
551 1967 579 1997 ei
603 1974 787 2006 prorogatur
812 1968 998 2007 imperium,
1019 1975 1065 2005 13.
1090 1966 1190 2005 copiis
1213 1965 1353 2003 conjun-

201 2011 260 2042 &is
275 2021 354 2042 curn
378 2010 522 2047 consule,
537 2017 660 2050 pugnat
675 2019 752 2040 cum
767 2020 806 2040 eo
821 2010 966 2040 adversus
981 2008 1192 2045 Annibalem,
1208 2009 1258 2047 36.
1283 2008 1352 2045 ejus

202 2054 326 2091 laudes,
343 2063 395 2093 30,
415 2064 442 2084 1.
467 2060 561 2092 negat
575 2053 667 2083 ludos
682 2063 721 2083 ex
741 2055 860 2082 incerta
883 2053 1020 2091 pecunia
1035 2052 1139 2081 voveri
1153 2051 1279 2088 debere,
1297 2060 1350 2089 31,

204 2107 234 2135 9.
252 2098 317 2128 vid.
332 2105 359 2127 et
376 2106 428 2135 34,
445 2106 497 2136 44.
520 2102 634 2126 votum
659 2096 750 2135 praeit
771 2095 909 2131 consuli,
929 2095 980 2133 36,
999 2105 1028 2125 2.
1051 2101 1137 2124 vetat
1155 2094 1196 2125 Θ.
1213 2094 1350 2125 Fabium

201 2141 358 2170 PiCtorem
382 2140 564 2170 Flaminem
591 2138 806 2174 Quirinalem,
832 2139 888 2177 qui
912 2144 982 2167 tum
1011 2144 1125 2176 praetor
1147 2144 1225 2173 erat,
1249 2138 1292 2167 ire
1317 2137 1351 2167 in

202 2184 384 2214 Sardiniam
410 2183 624 2223 provinciam,
651 2190 704 2219 37,
731 2188 781 2220 51.
805 2182 952 2217 moritur,
979 2189 1032 2219 39,
1057 2181 1111 2219 46.
1139 2181 1257 2210 funeris
1283 2181 1352 2218 ejus

201 2226 307 2256 caussa
319 2226 481 2257 visceratio
494 2226 578 2261 data,
592 2232 622 2254 et
635 2224 823 2264 gladiatores
838 2230 971 2254 centum
987 2223 1099 2262 viginti
1112 2231 1351 2263 pugnaverunt,

201 2269 272 2298 ibid.

157 2313 191 2344 P.
208 2312 350 2343 Licinius
366 2311 490 2342 Crassus
502 2317 626 2342 creatur
640 2316 766 2350 praetor,
779 2319 834 2349 41,
854 2310 904 2340 18.
926 2309 1056 2340 excusat
1073 2309 1102 2339 se
1118 2309 1277 2340 sacrificiis
1291 2308 1351 2340 sol·

201 2355 365 2386 lemnibus
390 2355 551 2394 impediri,
575 2363 616 2383 ne
640 2355 673 2384 in
702 2353 914 2393 provinciam,
941 2352 1131 2392 Hispaniam
1154 2353 1349 2391 citeriorem,

200 2405 264 2438 cat,
293 2407 342 2440 19.
365 2398 402 2430 fit
426 2397 549 2437 consul,
572 2407 628 2438 42,
653 2397 706 2430 28.
730 2396 959 2428 Macedoniam
983 2396 1184 2437 provinciam
1210 2396 1348 2434 sortitur,
