1572 2616
226 184 310 228 206
578 194 745 224 1NDEx
780 195 835 223 IN
869 194 914 223 T.
940 193 1074 224 L1V11

222 274 351 307 Pulchri
369 274 642 315 promontorium,
661 285 715 315 29,
734 282 784 312 27.

223 318 392 353 pullarius,
411 319 442 356 8,
462 327 512 356 30.
538 319 672 348 nunciat
688 318 828 358 auspicia
844 317 995 353 secunda,
1015 325 1046 354 9,
1069 325 1117 355 14.

223 361 380 392 Pullarius
399 362 430 391 in
447 361 625 400 auspicium
649 360 773 398 missus,
798 361 951 390 mentitur
975 360 1170 398 auspicium,
1191 368 1242 395 10,
1259 367 1314 397 40.
1337 358 1419 388 inter

268 406 373 444 prima
388 404 474 443 signa
490 405 693 441 constituam,
712 404 792 434 icius
808 404 873 443 pilo
890 403 988 441 cadit,
1003 402 1074 432 ibid.

222 448 379 479 Pullarius
397 448 524 477 testatur
542 448 574 476 in
592 448 732 485 auspicio
748 448 866 477 vitium
881 446 982 482 fuisse,
1000 455 1056 484 41,
1074 455 1127 477 22.

221 491 305 522 Pulli
322 491 343 520 si
361 500 427 520 non
444 491 629 530 pascuntur,
649 491 669 520 fi
688 500 728 520 ex
744 500 842 520 cavea
861 490 981 520 tardius
1004 490 1153 526 exierint,
1171 487 1348 518 infaustum
1363 495 1422 519 au-

267 534 405 573 spicium
421 536 477 570 est,
496 534 526 569 6,
543 544 597 573 4ι.

223 577 307 607 Pulli
324 577 492 616 gallinacei
510 584 570 606 tres
585 586 662 606 cum
677 577 774 607 ternis
788 576 922 616 pedibus
938 576 1018 613 nati,
1033 574 1100 606 vid.
1116 574 1313 613 Prodigium.

224 620 394 656 Pulvillus,
411 620 476 649 vid.
495 620 659 649 Horatius.

222 662 405 694 Pulvinaria
431 663 483 692 sex
509 663 578 692 Diis
602 663 792 700 duodecim,
811 672 860 696 22,
881 671 930 692 10.
955 661 1098 700 quinque
1122 661 1187 690 dies
1211 660 1295 689 circa
1311 659 1424 689 omnia

268 706 451 736 Pulvinaria
467 706 697 745 supplicatum,
714 715 769 745 30,
785 715 834 737 21.
861 705 945 734 circa
959 705 1069 737 omnia
1086 704 1267 733 Pulvinaria
1281 702 1424 732 obsecra-

268 750 314 779 tio
329 749 423 785 facia,
441 759 495 788 31,
513 759 544 788 9.
570 759 622 788 32,
641 759 666 779 1.
691 749 835 779 coronati
859 748 898 778 ad
923 749 1036 778 omnia
1060 746 1241 778 Pulvinaria
1265 744 1425 784 supplica-

270 799 356 830 sUsst,
375 802 429 831 34,
447 802 499 832 55·

225 836 387 867 Punicum
416 836 540 865 bellum
567 835 758 871 secundum,
789 840 937 874 coeptum
962 843 981 863 a
1008 833 1141 872 Sagunti
1169 832 1423 872 oppugnatione,

270 888 344 918 quae
361 884 518 914 narratur,
538 887 589 915 21,
608 879 724 916 6—15.
749 877 921 914 indicium,
939 878 987 908 18.
1011 877 1195 915 disceptatio
1212 877 1249 904 de
1266 875 1425 905 foederum

265 922 351 960 jure,
371 932 418 960 19.
442 921 585 951 Annibal
599 921 706 950 transit
719 920 830 959 Alpes,
846 921 983 959 32—38.
1008 929 1117 959 pugna
1132 920 1171 949 ad
1187 919 1355 955 Ticinum,
1369 917 1424 956 46.

269 966 310 995 ad
329 965 495 1001 Trebiam,
515 966 654 1005 53—56.
677 964 717 993 ad
739 964 979 998 Trasimenum,
1000 963 1163 1002 22‚4—6.
1187 962 1343 991 dictatura
1366 961 1426 990 Fa-

269 1009 336 1045 bii‚·
358 1009 494 1039 12—18.
519 1015 550 1037 et
577 1016 716 1045 23—30.
746 1016 855 1046 pugna
882 1007 921 1035 ad
951 1006 1092 1041 Cannas,
1119 1012 1260 1044 44—52.
1291 1004 1426 1034 defectio

270 1051 526 1091 Campanorum,
547 1060 600 1088 23,
621 1060 737 1080 2—10.
760 1060 870 1088 pugna
894 1049 1037 1079 Marcelli
1063 1049 1103 1078 ad
1129 1048 1264 1085 Nolam,
1286 1047 1428 1080 16.,An-

271 1094 358 1124 nibal
377 1095 399 1124 it
416 1094 563 1133 Capuam
588 1095 620 1122 in
645 1094 790 1129 hiberna,
811 1094 859 1123 18.
884 1102 969 1122 mors
995 1093 1166 1122 Hieronis:
1191 1100 1328 1130 regnum
1346 1090 1426 1119 Hie-

270 1138 411 1178 ronymi,
440 1147 493 1177 24,
522 1145 619 1176 4—7.
643 1137 805 1176 Syracusae
833 1146 852 1165 a
879 1135 1036 1165 Marcello
1061 1141 1176 1174 captae,
1207 1141 1260 1173 25,
1286 1142 1425 1172 23—31.

271 1181 465 1220 Scipionum
482 1187 584 1209 morte
602 1189 648 1208 res
664 1180 888 1208 Romanorum
913 1179 947 1207 in
974 1178 1128 1217 Hispania
1149 1176 1288 1212 afflitfftae,
1305 1186 1323 1205 a
1339 1176 1427 1205 Mar-

269 1225 320 1253 cio
337 1225 498 1259 restitutae,
515 1232 652 1262 32—39.
678 1222 821 1251 Annibal
844 1222 884 1251 ad
913 1221 1027 1251 Romae
1052 1227 1169 1259 portas,
1188 1221 1240 1256 26,
1261 1229 1308 1249 10.
1326 1226 1355 1248 et
1376 1228 1426 1248 ιι.

273 1267 385 1306 Capua
411 1276 428 1295 a
452 1266 608 1295 Romanis
633 1272 738 1304 capta,
763 1266 897 1296 12—16.
921 1265 1123 1303 Carthaginis
1144 1263 1248 1293 Novae
1264 1271 1429 1301 expugna·

271 1311 329 1346 tio,
345 1318 485 1348 42—50.
512 1318 596 1337 mors
623 1308 766 1338 Marcelli
790 1307 988 1344 miierabilis,
1008 1316 1060 1344 27,
1079 1308 1129 1336 26.
1146 1314 1177 1336 ct
1195 1314 1246 1343 27.
1270 1304 1426 1335 Asdrubal

270 1353 373 1383 viCtus
390 1352 428 1382 ab
445 1352 534 1381 Livio
551 1359 580 1381 et
593 1352 734 1388 Nerone,
750 1359 891 1391 43—51.
915 1350 995 1390 pulsi
1013 1351 1168 1390 Hispania
1183 1349 1284 1385 Poeni,
1302 1351 1355 1386 28,
1377 1349 1426 1380 16.

270 1396 375 1426 foedus
400 1406 418 1425 a
443 1396 592 1434 Scipione
616 1405 693 1425 cum
719 1395 868 1435 Syphace
892 1394 1008 1430 ictum,
1029 1402 1077 1430 17.
1102 1400 1133 1423 et
1153 1394 1202 1423 18.
1229 1393 1361 1432 Syphax
1385 1392 1425 1421 ab

274 1439 431 1469 Romanis
456 1449 509 1478 per
537 1438 744 1477 Sophonishae
771 1438 899 1477 nuptias
923 1437 1135 1473 abalienatus,
1162 1447 1216 1475 29,
1245 1445 1296 1473 23.
1320 1436 1428 1474 Scipio

270 1482 480 1522 proficiscitur
504 1482 542 1511 ad
568 1482 783 1511 invadendam
812 1481 966 1516 Africam,
985 1489 1124 1519 24—-27-
1148 1480 1247 1508 castra
1271 1478 1427 1518 Syphacis

273 1533 302 1555 et
329 1525 511 1555 Asdrubalis
535 1534 553 1554 a
576 1525 727 1563 Scipione
753 1524 895 1560 incensa,
919 1533 973 1562 30,
993 1525 1088 1562 3-6,
1112 1523 1241 1562 Syphax
1269 1522 1370 1552 victus
1396 1527 1428 1551 et

272 1577 397 1608 captus,
419 1578 467 1598 11.
484 1576 514 1597 ct
536 1577 582 1597 12.
608 1568 814 1604 Sophonisba:
838 1569 959 1606 nuptiae
984 1576 1060 1596 curn
1089 1565 1263 1601 Malinifl'a,
1278 1571 1308 1594 et
1325 1574 1425 1600 mors,

274 1619 412 1650 12—15.
435 1610 577 1640 Annibal
603 1611 728 1640 ltaliam
751 1610 914 1648 relinquit,
933 1619 984 1640 20.
1008 1609 1124 1640 ultima
1139 1618 1207 1646 ejus
1223 1617 1331 1647 pugna
1347 1616 1426 1638 cum

272 1655 435 1693 Scipione,
452 1661 590 1692 29—35.
615 1653 690 1683 belli
706 1654 823 1689 exitus,
840 1662 895 1692 44.

230 1698 351 1728 Punica
367 1696 510 1736 perfidia,
531 1706 579 1728 21,
597 1706 629 1735 4.

229 1741 351 1771 Punica
364 1740 486 1778 religio,
505 1749 559 1776 22,
575 1740 604 1769 6.

228 1784 360 1814 Punicae
379 1783 534 1818 versutiae,
550 1792 604 1821 42,
621 1789 675 1820 47.

228 1826 402 1866 Pupillares
417 1826 563 1865 pecuniae
580 1826 612 1854 in
630 1823 790 1855 auxilium
805 1824 904 1854 aerarii
921 1823 1062 1854 Romani
1080 1822 1218 1860 collatae,
1235 1832 1290 1862 24,
1312 1823 1362 1854 18.

230 1870 366 1909 Pupinia
379 1870 491 1904 tribus,
510 1869 561 1903 26,
582 1879 611 1908 9.

229 1912 429 1952 Pupinieniis
443 1921 528 1951 ager,
547 1921 578 1949 9,
596 1920 649 1950 41.

229 1956 290 1986 Cn.
307 1956 438 1994 Pupius,
457 1954 610 1984 duumvir
626 1953 703 1983 aedis
719 1953 908 1984 Concordiae
921 1953 1074 1983 faciendae
1091 1951 1208 1988 caussa,
1224 1962 1276 1988 22,
1296 1961 1348 1990 33.

230 1999 265 2028 L.
283 1998 415 2036 Pupius,
432 1997 546 2034 aedilis,
567 2007 619 2036 39,
640 2005 690 2034 39.
715 2005 838 2026 creatur
853 2003 981 2035 praetor‚
998 2003 1029 2025 et
1046 1996 1169 2026 sortitur
1185 1995 1354 2034 Apuliam,
1370 1999 1425 2034 45.

230 2042 264 2071 Ρ.
284 2041 416 2080 Pupius,
433 2041 514 2069 inter
531 2041 650 2078 primos
666 2050 682 2069 e
697 2039 789 2078 plebe
806 2041 985 2078 quaestores,
999 2049 1032 2078 4,
1052 2048 1103 2078 54.

229 2085 380 2123 Purpurae
398 2083 484 2119 usus,
501 2084 618 2121 quibus
634 2082 755 2118 licitus,
775 2092 828 2122 34,
849 2089 877 2118 7.
902 2082 1032 2120 quando
1048 2080 1270 2120 deponendus,
1286 2079 1360 2110 ibid.

230 2126 367 2162 Puteoli,
386 2136 440 2163 24,
460 2136 507 2156 12.
534 2133 586 2164 25,
607 2136 655 2156 22.
682 2126 736 2161 26,
758 2132 806 2161 17.
830 2124 976 2155 Puteolos
999 2131 1100 2154 tentat
1121 2123 1279 2163 Annibal,
1302 2123 1426 2161 frustra,

278 2180 330 2208 24,
353 2179 400 2207 13.
425 2167 573 2199 Puteolos
589 2167 716 2197 colonia
735 2167 882 2204 deducta,
901 2177 953 2206 34,
969 2174 1023 2206 45.

230 2213 353 2252 Pydna,
367 2212 538 2251 oppidum,
555 2221 610 2250 44,
626 2213 655 2240 6.
682 2211 826 2250 diripitur
841 2221 859 2240 a
874 2210 1043 2247 Romanis,
1057 2218 1110 2250 45.

230 2255 376 2295 l’ydnaei‚
394 2265 449 2294 44,
467 2263 520 2294 45.

231 2297 359 2339 Pygela,
377 2305 500 2336 portus,
519 2304 571 2335 37,
592 2306 641 2328 ιι.

231 2341 331 2381 Py'iae,
348 2350 400 2377 32,
417 2351 448 2376 4.
475 2341 529 2378 36,
549 2346 597 2379 15.

231 2384 443 2424 Pylaemenes,
461 2392 516 2413 rex
534 2382 715 2418 Henetfim,
734 2391 764 2420 1,
786 2391 812 2412 1.

230 2427 398 2468 Pylaicum
415 2426 606 2464 concilium,
625 2435 678 2464 31,
697 2435 748 2464 32.
766 2424 832 2456 vid.
848 2431 876 2454 et
893 2434 946 2464 33,
964 2430 1015 2464 35.
