1572 2616
206 153 282 209 138
629 168 969 197 ROMANORUM

576 399 780 440 AELIA
827 398 1037 440 GENS.

202 666 528 721 POMPONIUS
562 684 634 722 JC.
665 684 702 720 in
734 686 789 722 tit.
825 685 998 722 Pande&
1029 685 1076 721 de
1108 683 1264 733 origine
1287 681 1397 732 juris,

200 749 346 787 AEliam
368 748 557 797 patriciam
577 756 733 797 gentem
752 750 927 798 appellat.
984 749 1130 785 Verum
1151 747 1244 784 ficut
1262 746 1340 784 aliis
1359 746 1398 782 in

199 814 290 851 locis
326 825 460 862 parum
494 812 724 849 firmamenti
763 819 840 850 tota
874 813 936 849 illa
970 812 1167 861 Pomponii
1203 810 1401 860 disputatio

200 879 327 923 habet,
347 878 395 914 fic
413 878 450 913 in
477 877 550 913 hoc
578 876 663 914 loco
691 890 811 926 quum
831 877 984 915 AElium
1010 876 1257 913 Tuberonem
1286 874 1402 924 patri-

199 943 302 979 cium
334 941 441 978 fuiffe
472 941 612 986 scribit,
645 941 838 991 perspicue
869 941 1004 978 falsum
1041 940 1162 977 tradit.
1220 939 1324 976 Nam
1356 942 1401 975 ut

199 1007 274 1045 hoc
303 1008 492 1049 omittam,
513 1007 680 1043 tribunos
708 1007 826 1055 plebis
847 1019 894 1042 ex
913 1005 1028 1043 AEliis
1048 1004 1261 1054 complures
1279 1002 1403 1048 fuiffe,

206 1071 326 1122 (quod
345 1070 431 1106 sane
451 1069 521 1105 hac
541 1069 579 1105 in
600 1081 639 1105 re
660 1068 754 1106 solet
772 1069 897 1105 valere
924 1066 1153 1118 plurimum)
1177 1067 1270 1103 illud
1299 1071 1402 1102 certe

200 1134 284 1171 satis
318 1145 456 1182 magno
488 1140 712 1181 argumento
742 1134 849 1169 nobis
882 1133 955 1169 effe
988 1132 1115 1174 debet,
1147 1131 1249 1179 quod
1281 1142 1401 1178 quum

202 1198 401 1235 consulum
419 1196 513 1232 alter
531 1208 553 1232 e
572 1196 696 1245 plebe,
712 1197 807 1233 alter
821 1208 842 1233 e
857 1195 1019 1245 patriciis
1036 1200 1238 1237 crearetur,
1256 1194 1404 1230 aufiore

204 1264 326 1307 Livio,
348 1262 446 1300 AElii
467 1273 556 1298 curn
578 1262 740 1310 patriciis
757 1261 918 1309 semper,
933 1271 1128 1307 nunquam
1146 1270 1233 1294 cum
1249 1257 1406 1306 plebeiis

203 1328 407 1376 comparati
430 1326 511 1364 fint.
561 1326 639 1363 Qui
660 1325 763 1361 enim
789 1325 934 1373 primus
953 1323 1148 1360 AEliorum
1166 1320 1403 1357 consulatum

203 1392 256 1428 est
285 1392 455 1440 adeptu3‚
483 1389 670 1438 collegam
706 1388 915 1436 Sulpicium
947 1386 1091 1429 habuit,
1122 1385 1306 1422 secundus
1335 1385 1405 1421 Fa-

205 1457 326 1501 bium,
349 1457 478 1492 tertius
500 1454 714 1497 Servilium,
735 1458 886 1501 quartus
905 1450 1118 1493 Valerium,
1139 1447 1256 1497 usque
1273 1448 1318 1484 ad
1338 1460 1406 1484 an·-

205 1533 300 1557 num
319 1526 411 1558 581.
432 1532 508 1569 quo
532 1518 686 1567 quidem
716 1529 815 1553 anno
834 1516 911 1552 duo
928 1514 1096 1564 primum
1124 1525 1146 1549 e
1172 1512 1283 1562 plebe
1311 1524 1406 1549 coss.

206 1586 320 1621 creati
350 1584 448 1627 sunt,
469 1584 514 1620 C.
538 1582 728 1631 Popillius,
750 1588 789 1616 et
813 1581 852 1616 P.
873 1580 1000 1616 AElius
1019 1593 1027 1614 :
1059 1585 1103 1614 ut
1120 1578 1156 1613 in
1177 1576 1311 1613 tabulis
1331 1576 1405 1612 Ca-

205 1646 370 1696 pitolinis
402 1654 574 1683 notatum
604 1645 787 1681 videmus.
844 1642 1040 1679 AEliorum
1069 1647 1198 1676 autem
1228 1637 1289 1674 alii
1317 1637 1409 1674 Paeti

208 1710 307 1754 sunt,
339 1711 399 1747 alii
433 1710 669 1752 Tuberones,
703 1708 873 1757 Ligures,
907 1705 1006 1749 Cati,
1037 1712 1076 1740 et
1104 1703 1259 1739 Lamiae.
1317 1701 1409 1738 Paeti

207 1788 420 1826 cognomen
440 1775 504 1823 qui
524 1775 666 1823 primus
687 1772 785 1813 tulit,
803 1770 905 1819 quod
923 1769 1041 1805 oculis
1061 1767 1195 1804 leviter
1214 1765 1410 1802 declinatis

207 1840 310 1883 esset,
329 1840 377 1876 fic
405 1839 524 1875 difihxs
549 1838 614 1881 est,
645 1835 735 1873 teste
759 1833 1012 1883 porphyrione
1046 1833 1084 1867 in
1118 1830 1265 1868 Horatii
1294 1828 1405 1878 satyr.

207 1908 258 1945 iii.
317 1909 421 1944 Acro
440 1912 565 1942 tamen
594 1915 698 1944 eum,
719 1899 827 1949 cujus
851 1898 950 1936 oculi
968 1898 1043 1934 huc
1064 1903 1103 1934 et
1121 1896 1211 1933 illuc
1233 1896 1409 1932 celeriter

209 1977 465 2011 moverentur,
490 1969 634 2004 Paetum
655 1965 890 2001 nominatum
915 1962 1112 1998 existimat.
1171 1960 1259 1997 Hoc
1279 1958 1408 1996 AElio-

208 2047 292 2072 rum
312 2033 417 2070 fuiffe
435 2042 647 2080 cognomen
668 2029 803 2065 Cicero
819 2033 899 2062 tum
921 2026 959 2061 in
978 2024 1165 2066 Sextiam,
1189 2029 1269 2058 tum
1292 2021 1407 2057 etiam

208 2099 246 2135 in
278 2097 501 2134 Cluentiana
526 2093 764 2135 demonstrat,
795 2101 915 2138 quum
947 2089 1011 2130 ait,
1044 2086 1151 2123 Quid
1182 2093 1238 2129 tu,
1269 2085 1407 2133 inquit,

210 2162 334 2206 Paete3
369 2160 441 2195 hoc
461 2158 563 2194 enim
585 2156 649 2192 fibi
680 2154 852 2191 Stalenus
880 2162 1095 2201 cognomen
1113 2161 1159 2184 ex
1181 2148 1411 2196 imaginibus

211 2224 406 2262 AEliorum
432 2221 623 2271 delegerat
641 2236 647 2255 z
682 2231 743 2259 ne,
764 2217 788 2253 fi
808 2217 845 2252 se
867 2216 1045 2264 Ligurem
1074 2212 1228 2254 feciflet,
1249 2210 1411 2246 nationis

209 2289 325 2337 magis
342 2287 432 2330 suae,
450 2298 565 2334 quarn
585 2284 730 2333 generis
750 2282 800 2318 uti
821 2280 1046 2328 cognomine
1068 2276 1268 2313 videretur.
1328 2274 1408 2310 Ubi

208 2360 334 2389 tamen
353 2352 389 2386 in
410 2351 599 2391 omnibus,
616 2359 709 2396 quos
737 2357 808 2395 ego
836 2344 991 2394 quidem
1020 2340 1181 2377 viderim
1202 2338 1318 2380 libris,
1344 2337 1410 2373 Pa-
