1572 2616
446 166 819 199 HISTORIARUM
856 168 1061 200 LIBROS.
1293 171 1348 215 51

158 248 265 287 Ciani,
282 257 335 288 31,
352 257 405 288 31.
429 257 484 287 33,
503 257 555 288 30.

155 291 288 333 Cibyra,
303 292 473 333 oppidum,
492 293 546 331 38,
566 300 616 331 14.

157 335 332 375 Cibyratae,
349 335 473 376 populi,
488 343 544 375 45,
562 342 615 375 25.

157 378 194 409 C.
210 379 370 409 Cicereius
384 379 541 415 Africani,
557 378 650 416 cujus
666 377 766 408 scriba
779 377 896 415 fuerat,
912 377 980 409 filio
996 378 1037 409 ad
1051 384 1224 419 praeturam
1240 379 1352 410 conse-

199 423 362 461 quendam
378 421 566 461 adjumento
581 422 639 458 est,
653 431 710 461 41,
727 421 779 452 26.
796 421 833 452 fit
848 428 975 461 praetor,
994 431 1010 461 3
1016 431 1046 461 3.
1062 423 1164 453 vincit
1179 422 1308 461 Corsos,
1321 430 1355 454 et

198 465 234 537 ἐκ]
249 465 431 496 Sardiniam
453 464 575 504 transit,
592 474 648 505 42,
665 473 696 503 7.
721 465 761 496 de
784 464 885 496 Corsis
907 466 1088 506 triumphat
1110 467 1147 496 in
1169 472 1284 499 monte
1297 466 1358 497 Al-

222 517 298 545 ano,
317 518 369 539 21.

155 549 194 581 C.
209 551 383 589 Cicereius,
401 550 522 590 legatus
536 551 577 582 ad
591 551 762 590 Gentium,
778 550 963 594 lllyriorum
977 560 1099 592 regem,
1116 553 1168 586 26.
1183 551 1244 584 vid
1254 558 1284 583 et
1296 556 1355 594 45,

204 603 253 631 17.
269 594 374 625 aedem
389 601 500 625 votam
515 593 654 632 dedicat,
670 604 726 635 45,
747 602 796 636 15.

154 636 281 675 Cicero,
293 637 360 668 vid.
376 637 413 669 C.
430 637 597 676 Claudius,
612 645 641 668 et
651 637 791 670 Tullius.

158 681 201 711 Θ.
219 680 344 720 Cicero,
361 681 445 721 Epit.
466 682 538 712 106.

158 723 284 761 Cilicia,
302 733 355 763 33,
374 734 423 764 19.
447 724 563 754 Cilices
579 724 748 761 maritimi,
767 724 821 763 38,
839 724 889 754 18.

157 766 303 797 Cilnium
318 777 419 807 genus
433 767 466 797 in
483 767 607 798 Etruria
620 773 814 807 praepotens,
834 776 886 805 10,
903 776 935 806 3.

155 809 292 846 Cimbis‚
308 809 399 840 locus
414 819 482 840 non
497 810 609 850 procul
625 820 644 841 a
660 810 815 844 Gadibus,
832 811 886 848 28,
905 817 959 850 37.

155 853 311 891 Cimetra,
324 853 413 890 urbs,
428 860 537 894 capta,
555 862 608 891 ιο,
630 860 679 894 15.

158 896 336 927 Ciminiam
353 896 466 927 filvam
478 902 622 937 penetrat
635 896 797 928 exercitus
811 896 993 936 Romanus,
1011 907 1044 938 9,
1062 896 1117 937 36.

158 939 319 971 Ciminius
334 949 442 978 mons,
457 951 491 981 9,
508 948 562 980 37.

157 982 347 1016 Cincibilus,
364 982 533 1013 Gallorum
549 993 618 1021 rex,
634 982 754 1022 legatos
775 983 877 1014 mittit
899 982 1042 1014 Romam
1065 982 1213 1023 questum
1229 981 1269 1014 de
1283 990 1355 1014 eru-

201 1025 330 1056 delitate
343 1025 380 1057 C.
395 1026 489 1057 Caffii
503 1026 655 1064 consulis,
672 1036 728 1067 43,
746 1034 777 1064 7.

158 1067 384 1106 Cincinnatus,
399 1068 465 1099 vid.
483 1069 649 1101 Quintius.

159 1111 274 1142 Cincia
286 1111 341 1143 lex
355 1113 395 1142 de
409 1113 503 1143 donis
518 1120 549 1143 et
565 1111 768 1148 muneribus,
786 1121 840 1151 34,
856 1120 890 1151 4.

158 1154 304 1192 Cincius,
320 1155 455 1195 diligens
467 1156 663 1186 vetustorum
676 1162 967 1185 monumentorum
977 1151 1100 1192 auctor,
1116 1161 1146 1191 7,
1161 1163 1194 1193 3.
1209 1153 1286 1183 iden
1299 1153 1353 1196 qui

159 1198 192 1228 L.
209 1198 341 1228 Cincius
356 1198 554 1235 Alimentus,
571 1206 684 1238 captus
698 1198 739 1228 ab
755 1197 930 1234 Annibale,
948 1206 1002 1234 21,
1018 1197 1072 1235 38.
1088 1203 1215 1237 praetor,
1231 1197 1288 1235 26,
1302 1206 1355 1236 23.

200 1241 228 1270 ei
243 1242 283 1271 ad
297 1241 509 1272 obtinendam
525 1241 670 1273 Siciliam
686 1241 869 1272 Cannenses
884 1239 1004 1271 milites
1015 1240 1095 1278 dati,
1109 1241 1162 1273 28.
1178 1241 1213 1271 in
1227 1249 1355 1271 annum

200 1291 386 1324 prorogatur
401 1285 588 1325 imperium,
605 1293 659 1322 27,
678 1293 708 1321 7.
722 1284 858 1323 legatus.
874 1292 926 1321 29·

160 1326 208 1358 M.
226 1327 357 1359 Cincius
371 1328 571 1366 Alimentus,
584 1328 732 1359 tribunus
743 1327 864 1367 plebis,
875 1327 916 1357 ad
926 1326 1115 1366 Scipionem
1130 1326 1285 1363 mittitur,
1300 1335 1356 1366 29,

204 1379 255 1401 20.

162 1412 208 1442 M.
227 1413 371 1450 Cincius,
388 1413 554 1453 praefeeius
570 1413 658 1452 Pifis,
674 1413 714 1444 de
736 1413 893 1453 Ligurum
912 1411 1137 1450 conjumtione
1152 1411 1193 1443 ad
1207 1411 1355 1442 senatum

203 1455 320 1493 scribit,
338 1466 390 1495 34,
408 1456 461 1496 56.

160 1499 297 1535 Cimbri,
317 1499 399 1539 Epit.
417 1500 469 1538 63.
487 1500 539 1530 68.

160 1542 364 1576 Cimbricum
380 1542 518 1580 bellum,
531 1541 617 1582 Epit.
635 1541 689 1578 67.
705 1541 759 1572 68.

163 1585 295 1615 cinctus
311 1585 471 1621 Gabinus,
490 1593 523 1624 5,
538 1585 592 1624 46.
611 1586 628 1616 8
659 1595 691 1625 9.

160 1628 306 1667 Cingilia,
323 1629 481 1668 oppidum
497 1628 714 1664 Vestinorum,
728 1626 855 1666 capitur
869 1635 890 1656 a
903 1625 1074 1663 Romanis,
1090 1625 1123 1663 8,
1141 1633 1193 1664 29.

161 1671 278 1708 Cinna,
295 1671 361 1701 vid.
379 1671 558 1709 Cornelius,
579 1678 606 1700 et
623 1670 772 1701 Helvius.

160 1714 264 1751 Circe,
281 1715 362 1752 Dea,
378 1724 396 1745 a
412 1723 476 1754 qua
495 1715 649 1744 oriundus
663 1712 816 1744 oetavius
838 1711 1008 1742 Mamilius
1021 1709 1237 1747 Tusculanus,
1254 1719 1284 1747 ι,
1301 1719 1355 1750 49.

161 1758 286 1793 Circeii,
305 1767 334 1794 1,
352 1758 404 1798 56.
421 1767 454 1793 2,
473 1766 524 1795 39.
539 1756 673 1787 colonos
694 1756 861 1786 Romanos
882 1755 957 1785 inde
979 1753 1113 1793 expellit
1136 1754 1279 1784 Marcius
1293 1754 1356 1784 Co-

205 1800 358 1837 riolanus,
381 1807 413 1830 et
437 1800 551 1830 urbem
567 1799 690 1830 Volscis
710 1799 816 1835 tradit,
833 1797 906 1828 ibid.
921 1797 987 1827 vid.
1005 1804 1032 1826 et
1050 1805 1102 1833 27,
1120 1806 1150 1835 9.
1168 1807 1222 1837 29,
1242 1804 1291 1836 15.
1316 1796 1356 1825 de

202 1843 346 1880 Circeiis,
361 1844 448 1882 quod
471 1843 645 1882 pecuniam
667 1841 848 1881 militesque
864 1839 1020 1871 Romanis
1035 1846 1202 1880 negarant,
1219 1839 1357 1871 senatus-

205 1886 402 1922 consultum,
420 1885 492 1915 ibid.
1040 1908 1046 1918 .

162 1929 353 1959 Circeienses
369 1928 549 1958 moliuntur
562 1927 788 1964 defectionem,
804 1926 838 1963 6,
860 1935 909 1957 12.
925 1931 956 1955 et
970 1934 1022 1955 21.

161 1972 308 2002 Circense
322 1971 498 2007 ludicrum,
512 1980 570 2010 44,
586 1981 618 2011 9.

162 2015 360 2045 Circensium
377 2015 528 2045 ludorum
543 2014 686 2044 crescens
700 2011 958 2052 magnificentia,
972 2021 1027 2051 44,
1045 2012 1096 2042 18.

164 2058 274 2088 Circus
293 2057 500 2097 Apollinaris,
517 2067 549 2096 3,
567 2058 620 2095 63.

162 2117 206 2123 -
222 2101 412 2138 Flaminius,
430 2110 460 2139 3,
480 2108 531 2141 54.
557 2109 610 2137 27,
629 2109 680 2130 21.
697 2100 731 2129 in
746 2107 784 2128 eo
800 2106 854 2128 axa
868 2096 1028 2136 Neptuni,
1044 2097 1096 2133 28,
1118 2105 1169 2126 ιι.

163 2159 207 2167 --
224 2144 408 2175 Maritimus
422 2144 508 2183 apud
525 2143 694 2179 Hernicos,
712 2151 744 2180 9,
760 2151 815 2181 42.
1210 2180 1216 2185 ἢ

165 2202 208 2209 -
223 2187 402 2223 Maximus,
419 2197 438 2216 a
450 2187 629 2226 Tarquinio
649 2185 752 2216 Prisco
773 2183 965 2220 aedificatus,
987 2192 1016 2220 1,
1035 2191 1086 2222 35.
1111 2182 1193 2211 foros
1210 2191 1243 2210 in
1258 2182 1357 2212 eo—sa-

207 2232 251 2259 cit
266 2230 462 2269 Tarquinius
478 2229 652 2269 Superbus,
669 2229 723 2268 5⁶·
739 2228 772 2258 in
788 2236 827 2257 eo
841 2226 941 2257 fastus
958 2227 1064 2256 fornix
1080 2225 1118 2254 de
1135 2225 1309 2261 manubiis,
1325 2231 1356 2254 et

206 2273 318 2302 fornici
343 2272 490 2311 impolita
513 2273 599 2312 ligna
622 2278 744 2307 aurata,
763 2279 818 2310 33,
836 2279 888 2308 27.
911 2269 997 2309 signa
1015 2269 1046 2298 in
1063 2277 1113 2304 e0,
1131 2276 1208 2298 cum
1231 2267 1358 2298 colum-

211 2316 272 2351 nis,
288 2315 404 2354 quibus
417 2315 644 2356 superstabant,
658 2315 770 2345 evertit
785 2320 875 2344 atrox
892 2313 1074 2350 tempestas,
1090 2320 1146 2350 40,
1165 2320 1192 2341 2.
1271 2354 1276 2358 ἡ

167 2359 200 2388 in
217 2358 309 2390 Circo
325 2367 464 2391 οἰκεῖοι·
479 2359 609 2399 quando
624 2358 769 2398 primum
783 2356 903 2394 statuti,
920 2357 953 2392 8,
971 2365 1022 2387 20.
1038 2363 1112 2393 ova,
1128 2363 1183 2393 4¹·
1200 2363 1254 2393 32.
1270 2363 1303 2386 in
1318 2361 1356 2384 eo

731 2400 762 2430 D
780 2409 798 2430 τ.
