1572 2616
503 137 765 169 rATR101AE
802 134 1020 166 GENTES.
1299 120 1353 175 65

469 264 486 281 ³
500 267 726 298 HORATIUS
760 267 778 286 ³⁸
790 263 1039 298 PULVILLUS.

706 359 833 393 κ-Λῆ

154 402 202 433 Μ.
242 402 504 433 HORATIUS
542 403 608 433 *R
648 401 720 433 *N.

154 455 368 477 ιὐινηιυς.
415 445 533 476 Consul
571 455 648 476 cum
684 446 718 476 P.

151 489 291 526 Valerio,
308 499 394 520 anno
413 499 486 529 244.
515 488 724 519 Caffiodoms.

153 532 270 562 Consul
296 542 339 569 ιι,
363 542 450 563 anno
475 533 547 572 246.
593 533 724 571 Capito-

151 574 234 605 lium
257 575 426 606 dedicavit.
471 576 579 606 Livius
606 574 662 605 lib.
687 576 718 605 ii.

149 617 321 658 Dionysius
353 618 408 649 lib.
438 628 469 648 v.
514 619 627 649 Cicero
665 627 722 658 pro

150 661 261 692 domo.
285 661 499 734 Valeriusllib.
517 672 548 693 v.
564 671 613 693 10.

150 750 175 785 †
191 746 238 777 M.
265 747 492 778 HORATIUS
519 747 568 778 M.
595 747 629 778 F.
657 745 720 777 ἡΝ.

154 799 368 822 Ρυινιιιυε.
412 791 532 822 Consul
568 800 647 821 cum
669 790 720 820 ·T.

153 831 322 870 Menenio,
348 844 435 864 anno
461 835 534 870 276.
563 834 723 864 Caffiodo-

152 885 216 906 rus.
241 876 300 906 His
315 877 512 914 consulibus,
532 878 592 915 306
616 877 718 914 Fabii,

152 919 208 958 qui
223 918 347 950 bellum
371 929 450 950 cum
468 919 651 950 Veientibus
666 929 720 959 ge-

153 962 279 998 rebant,
311 962 351 993 ad
387 972 494 993 unum
529 972 644 993 omncs
681 963 722 993 ad

154 1004 339 1036 Cremeram
355 1006 426 1036 caefi
443 1006 525 1035 sunt.
565 1006 673 1035 Livius
690 1007 723 1037 ii.

153 1047 327 1091 Dionysius
342 1049 387 1082 ix·
411 1048 534 1081 Gellius
548 1048 627 1080 xvii.
647 1058 698 1081 21.

155 1311 206 1346 Μ.
224 1312 449 1345 HORATIUS
466 1314 515 1345 M.
529 1314 563 1345 F.
579 1313 626 1345 M.
640 1313 683 1345 N.
697 1313 938 1344 BARBATUS.

157 1357 275 1387 Consul
292 1367 368 1387 cum
386 1357 420 1387 L.
438 1357 577 1395 Valerio,
601 1367 688 1387 anno
705 1366 778 1396 304.
823 1357 940 1386 Caffio-

797 405 813 418 *
833 400 1060 431 HORATIUS
1105 396 1354 430 PULVILLUS.

786 444 926 475 Nullum
942 444 1030 483 geffit
1046 444 1280 484 magistratum.

788 530 822 561 P.
848 529 1074 561 HORATIUS
1101 534 1114 547 ⁴
1132 529 1164 559 F.
1192 529 1258 559 ”Ν.
1283 528 1356 560 CO·

789 583 886 604 enas.
947 573 1013 603 Qui
1043 579 1154 603 contra
1187 572 1356 602 Porsennae

786 617 970 647 Clufiorum
994 617 1087 655 regis,
1109 623 1140 646 et
1161 616 1359 655 Tarquinio-

789 670 863 690 rum
893 660 1013 699 copias‚
1044 660 1076 689 in
1108 665 1204 698 ponte
1231 659 1359 690 Tiberis

788 713 874 733 unus
899 703 1032 733 affistere
1057 704 1150 732 ausus
1173 703 1228 739 est,
1252 703 1357 733 donec

764 756 805 776 ,ει
835 753 922 785 tergo
952 755 1033 785 pons
1068 745 1356 784 interscinderetur,

788 790 868 820 dum
897 789 927 818 se
957 795 1119 819 armatum
1151 789 1184 818 in
1209 789 1357 819 Tiberim

788 832 1010 872 praecipitavit.
1054 832 1114 862 Cui
1140 831 1277 871 populus
1294 832 1361 862 Ro-

785 885 903 906 manus
918 875 1043 906 virtutis
1059 875 1152 905 causa
1163 884 1282 905 aeream
1296 875 1358 905 sta-

785 925 876 949 tuam
893 919 926 948 in
941 919 1009 948 foro
1025 918 1137 958 posuit.
1182 917 1358 958 Dionyfius

785 961 845 992 lib.
861 971 891 993 v.
917 961 1024 991 Livius
1041 962 1073 992 ii.
1118 962 1231 991 Cicero
1245 961 1284 990 de
1298 961 1357 991 Le-

788 1005 882 1044 gibus
899 1005 932 1034 ii.
960 1004 1109 1043 Virgilius
1125 1005 1191 1034 viii.
1235 1004 1359 1035 Plinius

786 1048 844 1078 lib.
861 1048 972 1077 xxxiv.
990 1055 1019 1087 5.
1036 1055 1068 1077 et
1084 1048 1195 1077 xxxvi.
1216 1055 1264 1086 15.
1293 1047 1358 1077 Va-

785 1090 882 1121 lerius
898 1091 952 1121 lib.
968 1091 1011 1120 iii.
1030 1100 1058 1121 2.
1082 1089 1234 1130 Polybius
1250 1091 1283 1120 in
1298 1091 1356 1120 Ti-

786 1133 852 1163 beri
868 1133 1000 1172 periisse,
1017 1133 1107 1162 aliter
1130 1142 1231 1172 quam
1247 1134 1355 1164 caeteri

787 1177 917 1211 tradunt
926 1176 1101 1217 scriptores,
1115 1175 1170 1208 lib.
1183 1176 1226 1207 vi.
1239 1176 1357 1209 scribit.

916 1270 1044 1304 ruz-s

1005 1313 1041 1343 C.
1061 1311 1287 1343 HORATIUS
1306 1312 1355 1345 M.

1009 1365 1036 1386 F.
1069 1365 1108 1386 Μ.
1140 1365 1174 1386 Ν.
1203 1365 1355 1386 PULVXL-

157 1400 267 1431 dorus.
310 1400 435 1430 Primus
459 1400 574 1438 injufl'u
598 1401 724 1431 senatus
740 1401 779 1430 de
795 1400 941 1430 Sabineis
1008 1407 1084 1429 Lus.
1109 1399 1182 1429 Cos.
1207 1408 1284 1429 cum
1310 1399 1353 1431 Q.

157 1443 384 1482 triumphavit.
428 1443 536 1474 Livius
555 1443 612 1474 lib.
629 1444 674 1473 iii.
719 1443 892 1484 Dionysius
907 1442 944 1474 li-

157 1485 216 1516 bro
231 1486 277 1516 xi.
541 1529 556 1559 1

1010 1442 1170 1475 Minucio,
1180 1450 1268 1471 anno
1280 1443 1355 1482 296.

1005 1485 1215 1516 Caffiodorus.
1243 1485 1354 1515 Livius

1005 1527 1088 1559 libro
1103 1529 1148 1559 iii.
1180 1528 1354 1570 Dionysius

158 1571 192 1601 L.
211 1571 438 1603 HORATIUS
456 1572 506 1602 M.
524 1573 557 1603 F.
576 1572 624 1603 M.
640 1572 684 1603 N.
701 1572 940 1603 BARBATUS.
1006 1572 1052 1602 xi.

157 1615 324 1645 Tribunus
339 1615 482 1646 militum
500 1616 657 1647 consulari
675 1617 838 1657 potestate,
855 1624 942 1646 anno

160 1659 234 1697 328.
253 1657 357 1688 Livius
375 1658 455 1689 libro
471 1659 513 1689 iv.

689 1751 816 1784 roz-x

162 1791 196 1821 L.
223 1791 448 1822 HORATIUS
477 1792 511 1822 L.
538 1793 573 1824 F.
602 1793 650 1824 M.
679 1794 721 1824 N.

161 1835 722 1875 ›unv1L1,us.Tribunusmilitum,

159 1887 246 1910 anno
265 1878 338 1917 368.
362 1878 467 1909 Livius
484 1879 564 1910 libro
581 1879 622 1909 xi.

790 1793 835 1823 M.
867 1792 1091 1823 HORATIUS
1120 1792 1152 1822 L.
1177 1793 1210 1822 F.
1237 1792 1283 1823 M.
1309 1793 1353 1824 N.

792 1845 829 1865 νι-
840 1845 897 1865 ι,νι
908 1844 1003 1865 Ltus.
1018 1836 1182 1865 Tribunus
1197 1836 1354 1874 militum,

788 1888 874 1909 anno
891 1881 965 1918 376.
990 1879 1097 1910 Livius
1113 1878 1194 1910 libro
1210 1879 1251 1910 vi.
