1572 2616
520 124 778 156 PATRICIAE
814 121 1032 151 GENTES.
1319 116 1371 160 91

482 335 848 380 CORNELIA
891 333 1091 377 GENS.

188 566 548 628 AMPLISSIMA,
565 583 813 632 omniumque
832 581 1007 633 gentium
1026 579 1264 626 nobssiffima,
1285 579 1382 617 Cor-

188 651 285 687 nelia
303 652 350 688 ab
369 652 528 701 antiquis
558 652 610 689 est
635 651 776 696 habita,
803 659 843 688 et
871 649 1025 700 quidem
1049 648 1136 699 jure
1165 661 1207 686 ac
1235 649 1384 685 merito.

189 715 274 753 Sive
302 716 406 753 enim
444 717 667 766 dignitatem
699 716 841 766 spe8oes
880 715 1122 759 familiarum,
1158 713 1231 752 five
1268 713 1386 750 etiam

189 779 367 829 praeclara
398 780 439 817 in
471 780 747 830 rempublicam
777 781 926 823 merita,
960 790 1165 827 rerumque
1201 777 1389 829 gestarum

191 844 491 894 magnitudinem
509 844 731 890 confideres,
753 857 884 882 omnes
904 850 1004 881 certe
1023 844 1195 880 omnium
1214 841 1389 893 gentium

191 908 362 952 virtutes,
381 909 667 958 praeclariffimae
687 907 800 958 hujus
828 910 948 959 gentis
975 907 1173 957 splendore
1197 908 1390 944 intereunt

191 979 230 1009 et
249 972 506 1011 obscurantur.
565 974 624 1010 Ac
651 973 698 1010 de
715 973 858 1024 origine
877 973 1032 1022 quidem
1059 972 1182 1022 gentis
1201 970 1296 1008 nihil
1316 969 1389 1007 mi-

188 1036 244 1081 hi,
265 1039 435 1087 quamvis
454 1037 728 1088 diligentissime
757 1037 1003 1087 investiganti,
1032 1037 1207 1074 occurrit.
1264 1034 1389 1073 Fami-

189 1099 257 1136 lias
290 1101 496 1150 praecipuas
525 1109 687 1150 quatuor
719 1102 890 1151 reperio:
922 1112 1083 1150 quarum
1117 1111 1191 1136 una
1220 1097 1391 1148 Malugi-

191 1164 364 1202 nenfium
398 1166 476 1212 est3
519 1166 647 1215 altera?
687 1167 927 1214 Scipionum3
974 1164 1213 1207 Rufinorum,
1252 1162 1389 1209 tertia3

190 1229 389 1278 postrema,
412 1230 677 1268 Lentulorum.
736 1230 953 1267 Dolabellas
981 1230 1100 1274 enim,
1124 1229 1280 1272 Cinnas,
1299 1228 1389 1265 Me-

192 1294 303 1336 rulas,
329 1301 368 1331 et
399 1294 489 1343 fiqui
514 1295 599 1331 sunt
628 1295 700 1338 alii,
730 1295 897 1344 plebeios
924 1295 1048 1344 potius
1075 1306 1190 1343 quam
1217 1292 1391 1342 patricios

191 1359 426 1396 crediderim.
486 1359 573 1396 Qua
590 1360 766 1408 equidem
787 1360 825 1395 in
844 1371 884 1396 re
903 1366 1073 1396 veterum
1094 1358 1289 1395 auctorum
1306 1357 1392 1394 dili·

191 1424 357 1472 gentiam
388 1425 548 1472 requiro,
565 1425 630 1472 qui
651 1436 740 1461 cum
769 1425 806 1459 in
836 1423 927 1468 aliis,
950 1431 1032 1461 tum
1058 1426 1096 1460 in
1117 1422 1302 1460 Corneliis
1322 1434 1392 1458 no-

192 1487 248 1524 bis
268 1487 518 1524 describendis
536 1488 643 1525 valde
658 1489 750 1525 mihi
771 1488 945 1524 videntur
962 1501 1096 1525 errare.
1153 1488 1202 1524 Et
1216 1493 1259 1524 ut
1277 1487 1390 1524 omit·

192 1558 271 1588 tam
303 1552 471 1594 Florum,
505 1553 745 1602 Eutropium,
779 1553 968 1596 Orofium,
997 1553 1135 1590 Plinius
1163 1560 1265 1589 certe
1293 1553 1389 1589 anti-

192 1617 380 1666 quitatum
410 1617 538 1654 anaor
556 1620 748 1668 ceteroqui
779 1620 898 1656 bonus
927 1626 966 1655 et
994 1619 1164 1669 diligens,
1185 1619 1255 1655 hac
1286 1620 1323 1655 in
1351 1630 1392 1655 re

194 1686 237 1715 ut
257 1692 346 1716 cum
376 1682 540 1718 maxime
569 1681 690 1731 lapsus
721 1683 877 1720 videtur.
936 1684 1069 1720 Quum
1090 1683 1191 1718 enim
1213 1694 1294 1731 cap.
1316 1687 1393 1719 ter-

197 1745 249 1781 tio
283 1745 365 1781 libri
401 1747 562 1795 vigefimi
601 1748 711 1796 primi
751 1748 887 1793 scribit,
924 1749 1076 1785 Florum
1110 1749 1266 1797 quidem
1302 1761 1391 1798 pop.

196 1810 308 1846 Rom.
330 1810 528 1855 honorem,
546 1812 706 1860 Scipioni
730 1820 876 1848 tantum
893 1813 1034 1849 habuit.
1085 1814 1234 1861 Serapio
1252 1825 1392 1862 cogno-

196 1875 421 1918 minabatur,
457 1883 609 1924 propter
642 1875 920 1913 similitudinem
954 1876 1061 1912 suarii
1097 1876 1293 1924 cujusdam
1325 1890 1392 1914 ne-

196 1939 398 1987 gotiatoris.
456 1939 519 1976 Ob
556 1939 591 1975 id
630 1946 708 1975 erat
745 1941 780 1976 in
819 1941 1011 1976 tribunatu
1050 1940 1148 1990 plebi
1185 1941 1392 1978 admodum

196 2009 336 2051 gratur»,
358 2002 564 2052 dignusque
587 2003 853 2040 Africanorum
882 2004 1031 2040 familia.
1090 2005 1228 2052 Neque
1257 2006 1291 2041 ei
1322 2005 1393 2043 fuit

197 2067 232 2102 in
256 2067 362 2102 bouis
380 2066 520 2103 funeris
550 2067 727 2116 impensa.
785 2067 891 2104 Affes
912 2080 1002 2117 ergo
1028 2069 1187 2104 contulit
1214 2069 1390 2117 popuIUS‚

195 2140 238 2164 ac
259 2129 370 2165 funus
391 2130 562 2175 elocavit,
584 2143 732 2180 quaque
762 2139 865 2180 parte
894 2131 1096 2174 ferebatur,
1118 2131 1227 2168 flores
1256 2144 1277 2168 e
1306 2145 1391 2182 pro-

193 2191 320 2241 spe&u
348 2194 452 2230 omni
483 2194 619 2244 sparsit.
679 2196 776 2238 Hae,
799 2196 966 2244 inquam,
990 2197 1024 2232 in
1047 2208 1086 2232 re
1112 2197 1304 2240 tradenda,
1327 2198 1391 2234 tri-

198 2257 266 2292 bus
285 2258 498 2306 gravissimis
526 2260 713 2296 erroribus
738 2258 897 2308 seipsum
920 2260 1084 2296 involvit.
1142 2260 1209 2297 Ait
1229 2262 1331 2297 enim
1352 2263 1390 2297 in

201 2321 391 2357 tribunatu
432 2329 581 2371 gratum
617 2324 824 2360 admodum
864 2324 963 2372 plebi
1005 2323 1112 2361 fuiffe
1151 2325 1390 2374 Scipionem:

760 2386 835 2423 114
