1572 2616
437 142 812 173 ms'ronussum
851 142 1058 172 manos.
1290 130 1342 186 87

197 222 338 260 vincere,
353 222 425 254 ibid.
448 233 593 264 pugnam
619 233 697 255 cum
720 223 771 254 M.
789 223 886 254 Fabio
901 223 1007 260 fratre,
1030 220 1174 259 consule,
1199 223 1347 260 restituit,

198 268 252 305 46.
277 267 406 297 tertium
428 267 549 301 consul,
565 268 620 307 48.
649 267 753 306 gentis
770 267 834 297 suae
856 273 961 297 orator
982 266 1022 297 ad
1045 265 1205 304 senatum,
1223 265 1293 297 ibid.
1317 272 1350 297 et

197 310 279 346 dux,
296 309 506 349 proficiscitur
521 311 560 340 ad
573 310 698 340 bellum
714 310 844 347 Veiens,
860 320 914 350 49.

153 352 243 382 Caeso
267 352 382 382 Fabius
398 353 588 390 Ambustus,
605 354 753 392 quaestor,
769 363 802 392 4,
822 362 873 394 54.
896 352 1044 382 tribunus
1067 351 1211 381 militum
1235 351 1350 382 consu-

198 395 254 425 lari
281 396 445 435 potestate,
470 397 522 427 61.
546 397 675 433 iterum,
702 404 730 437 5,
752 406 802 427 10.
830 397 939 436 praeest
963 395 1069 426 castris
1096 395 1136 425 ad
1163 395 1271 432 Veios,
1299 403 1350 426 12.

197 439 328 468 tertium
343 439 491 469 tribunus
508 438 664 476 militum,
683 449 735 478 24.

154 481 191 511 C.
210 481 325 512 Fabius
341 482 441 512 Dorso
465 492 520 522 per
542 483 665 513 medios
681 483 784 513 hostes
803 479 940 523 (Gallos)
959 481 992 511 in
1011 480 1213 513 Quirinalem
1231 479 1350 512 collem

199 525 311 563 pergit,
328 525 371 555 ibi
388 525 473 555 sacra
490 526 622 565 peragit,
639 531 670 555 et
687 527 719 556 in
736 525 933 565 Capitolium
950 525 990 555 ad
1007 525 1078 555 suos
1093 524 1185 561 redit,
1203 532 1235 564 5,
1251 525 1306 564 46.

153 567 190 597 L.
209 568 338 604 Fabius,
355 568 477 607 legatus
494 578 512 598 a
526 569 676 608 Scipione
692 570 732 599 ad
748 568 1035 608 Carthaginienses,
1052 576 1104 606 30,
1122 576 1174 607 25.

156 610 205 640 M.
230 611 359 648 Fabius,
386 611 526 642 Caesonis
553 613 658 648 frater,
682 612 806 649 consul,
836 622 869 649 2,
894 621 948 651 42.
972 611 1102 648 iterum,
1125 620 1180 650 43.
1204 609 1350 640 adversus

198 653 346 684 Veientes
360 656 482 694 egregie
506 665 574 685 rem
595 656 686 694 gerit,
704 663 845 696 44—47.
870 655 1076 694 triumphum
1102 653 1157 684 fibi
1183 654 1351 683 decretum

197 697 331 734 recusat,
347 705 401 736 47.

155 739 204 769 M.
222 739 350 776 Fabius,
367 741 509 780 pontifex
525 740 702 778 maximus,
718 741 867 780 praefatur
881 749 1026 776 carmen,
1041 749 1106 779 quo
1120 739 1273 780 primores
1286 739 1352 769 Ro-

201 792 373 813 rnanorum
390 784 462 819 sese,
480 784 727 814 adventantibus
741 783 855 820 Gallis,
871 792 927 823 pro
943 784 1042 822 patria
1057 783 1230 820 devovent,
1248 791 1280 822 5,
1296 792 1353 822 41·

155 825 204 855 Μ.
223 826 338 856 Fabius
352 827 542 861 Ambustus,
560 827 708 857 tribunus
723 826 869 857 militum
885 826 1043 857 consulari
1062 827 1226 866 potestate,
1246 827 1277 862 6,
1296 836 1350 856 22.

196 868 266 906 ejus
292 869 366 899 filiae
392 870 464 899 duae
489 877 611 909 nuptae,
637 870 702 900 Ser.
726 869 871 910 Sulpicio
896 869 1010 907 major,
1034 871 1141 899 minor
1164 869 1200 900 C.
1227 868 1351 899 Licinio

198 911 336 948 Stoloni,
352 921 402 951 34.
421 912 551 943 consilia
567 914 626 942 init
640 923 716 943 curn
733 922 850 952 genero
863 920 893 942 et
909 913 944 942 L.
960 913 1083 949 Sextio,
1099 913 1138 943 de
1152 913 1204 942 via
1219 911 1351 952 plebeiis

199 955 386 985 hominibus
416 956 455 985 ad
483 956 688 986 consulatum
715 957 898 996 aperienda,
926 955 998 986 ibid.
1030 956 1177 986 tribunus
1205 955 1351 986 militum

198 997 353 1027 consulari
370 1000 520 1038 potestate
536 999 665 1036 iterum,
683 1000 734 1037 36.

155 1040 203 1070 M.
230 1041 345 1071 Fabius
373 1042 562 1079 Ambustus,
592 1042 716 1078 consul,
748 1050 776 1078 7,
807 1052 856 1073 11.
888 1042 978 1072 ducit
1001 1042 1178 1072 exercitum
1205 1041 1354 1072 adversus

199 1083 370 1120 Hernicos,
392 1092 421 1121 7,
445 1094 492 1114 11.
516 1086 587 1123 ejus
609 1095 657 1115 res
679 1086 785 1123 geflae,
802 1085 874 1115 ibid.
903 1094 1003 1114 ovans
1026 1085 1139 1115 urbem
1164 1085 1351 1123 ingreditur,

197 1126 270 1157 ibid.
296 1127 472 1157 secundum
489 1127 613 1164 consul,
634 1137 682 1164 17.
699 1138 718 1158 a
735 1128 860 1158 Faliscis
881 1129 979 1165 fusus,
996 1128 1127 1158 restituit
1144 1127 1260 1163 aciem,
1278 1126 1351 1157 ibid.

199 1170 308 1200 consul
326 1172 469 1208 tertium,
491 1172 541 1201 18.
564 1170 705 1204 metator,
725 1178 756 1207 7,
776 1182 826 1202 22.
851 1181 907 1210 pro
924 1171 1002 1208 filio,
1025 1172 1173 1211 magistro
1188 1171 1350 1210 equitum,

197 1213 342 1244 adversus
359 1214 518 1253 Papirium
533 1214 721 1244 difflatorem
737 1215 916 1251 contendit,
934 1215 966 1251 8,
983 1223 1033 1253 33.

157 1256 203 1286 M.
224 1257 339 1286 Fabius
356 1257 544 1295 Ambustus,
561 1259 706 1296 magister
721 1258 880 1296 equitum,
899 1259 930 1293 8,
949 1258 1001 1296 38.

157 1299 283 1339 M.five
299 1300 386 1330 Caeso
405 1301 532 1338 Fabius,
550 1301 637 1331 Fabii
653 1300 741 1331 Rulli
756 1301 861 1338 frater,
880 1312 910 1340 9,
929 1303 981 1339 36.

157 1341 206 1372 M.
223 1343 338 1372 Fabius
364 1343 476 1381 Buteo,
500 1343 563 1373 sine
588 1345 735 1382 magistro
760 1344 907 1383 equitum
930 1343 1062 1373 difflator
1077 1343 1116 1373 ad
1132 1342 1348 1382 supplendum

198 1385 343 1415 senatum
369 1386 484 1424 dietus,
502 1397 556 1425 23,
580 1397 628 1418 22.
654 1387 763 1417 senatu
785 1387 880 1424 Ῑεὲὶο,
898 1387 958 1416 sese
973 1386 1140 1426 externplo
1165 1387 1349 1426 magistratu

200 1428 340 1466 abdicat,
356 1438 407 1467 23.

156 1471 205 1501 M.
225 1472 338 1502 Fabius
365 1472 478 1509 Buteo,
502 1472 603 1502 aedilis
618 1471 751 1510 curulis,
770 1482 821 1511 30,
848 1475 899 1504 26.
923 1478 1046 1502 creatus
1071 1478 1197 1512 praetor,
1226 1471 1352 1502 sortitur

200 1515 392 1550 Sardiniam,
409 1525 463 1554 40.

159 1558 205 1588 M.
224 1558 339 1588 Fabius
356 1558 467 1595 Dorso,
484 1558 594 1588 consul
614 1567 749 1595 creatus,
769 1566 800 1596 7,
820 1559 872 1589 28.

158 1600 206 1631 M.
225 1601 340 1631 Fabius
357 1601 547 1638 Vibulanus,
566 1602 690 1637 consul,
709 1612 742 1640 4,
764 1611 774 1631 1
788 1611 813 1631 ι.
835 1601 970 1642 legatus,
993 1609 1042 1639 17.
1060 1611 1108 1641 19.
1126 1607 1156 1631 et
1176 1608 1226 1638 27.
1250 1600 1353 1631 tribu·

200 1654 260 1674 nus
277 1644 418 1674 militurn
435 1644 589 1674 consulari
608 1647 771 1684 potestate,
789 1652 838 1684 25.

157 1686 259 1717 Num.
278 1688 394 1719 Fabius
415 1687 600 1721 Ambustus,
619 1688 764 1718 tribunus
788 1687 930 1717 militum
957 1686 1112 1718 consulari
1136 1688 1300 1727 potestate,
1317 1696 1350 1726 4,

157 1773 199 1804 N.
218 1774 334 1804 Fabius
353 1774 451 1804 Buteo
474 1781 596 1804 creatur
620 1781 746 1813 praetor,
763 1784 818 1813 41,
838 1783 888 1812 33.
914 1773 1036 1803 sortitur
1059 1772 1250 1812 Hispaniam
1274 1773 1353 1802 cite-

200 1817 326 1853 riorem,
342 1827 394 1856 42,
417 1827 443 1847 1.
471 1816 615 1846 Maffiliae
633 1818 778 1853 moritur,
793 1828 826 1856 4.

156 1859 198 1889 N.
219 1860 333 1890 Fabius
361 1860 552 1896 Vibulanus,
568 1860 692 1897 consul,
715 1871 748 1899 4,
775 1869 828 1899 43.
853 1858 1000 1889 tribunus
1024 1858 1168 1889 militum
1194 1858 1353 1889 consulari

202 1903 364 1941 potestate,
382 1912 435 1942 49.
461 1904 589 1938 iterum,
609 1910 660 1942 57.

159 1945 200 1975 Q.
219 1946 347 1982 Fabius,
364 1945 489 1982 consul,
509 1956 541 1983 2,
558 1956 609 1982 4¹·
635 1947 764 1982 iterum,
782 1955 834 1984 43.
861 1946 892 1975 in
911 1944 1021 1984 proelio
1037 1944 1204 1980 occiditur,
1222 1945 1276 1983 46.

161 1988 202 2018 Θ.
222 1989 349 2025 Fabius,
369 1990 392 2018 is
416 1990 470 2027 qui
496 1999 578 2018 unus
602 1988 764 2018 exstinftae
780 1989 819 2018 ad
836 1988 1021 2018 Cremeram
1044 1987 1129 2026 genti
1149 1988 1352 2026 superfuerat,

201 2031 311 2061 consul
329 2039 465 2068 creatur,
485 2041 515 2069 3,
538 2042 563 2061 ι.
582 2033 712 2068 iterum,
732 2042 761 2062 2.
780 2041 843 2061 rem
861 2032 941 2061 bene
958 2032 1036 2069 gerit
1051 2031 1197 2060 adversus
1215 2031 1353 2069 AEquos,

202 2074 274 2103 ibid.
299 2075 467 2114 populatur
491 2085 602 2104 eorum
620 2084 719 2113 agros,
739 2085 767 2112 3.
792 2074 955 2113 praefeaus
973 2074 1071 2110 urbis,
1089 2072 1195 2103 resistit
1211 2074 1354 2110 tribuno,

199 2116 303 2156 legem
330 2118 369 2147 de
397 2118 574 2148 minuendo
602 2117 759 2148 consulari
794 2118 928 2157 irnperio
954 2117 1077 2153 serenti,
1104 2128 1135 2154 9.
1159 2115 1270 2146 consul
1295 2123 1356 2146 ter-

201 2161 298 2196 tium,
316 2161 415 2190 vincit
435 2160 575 2195 volscos,
594 2170 645 2191 22.
669 2161 858 2191 Tusculanis
882 2162 937 2190 fert
961 2160 1135 2194 auxilium,
1159 2169 1208 2197 23.
1234 2161 1356 2198 legatus

200 2203 239 2232 ad
258 2203 393 2242 AEquos,
413 2213 464 2243 25.
487 2204 648 2234 decemvir
671 2203 792 2243 legibus
818 2204 1002 2239 scribendis,
1022 2204 1072 2241 36.
1095 2203 1163 2239 ejus
1185 2203 1353 2240 ingenium

202 2255 266 2276 non
285 2253 351 2275 tam
367 2256 510 2285 gnavum
529 2248 559 2276 in
580 2248 714 2282 malitia,
729 2257 827 2285 quam
846 2247 878 2276 in
895 2247 980 2276 bono
996 2255 1108 2285 parum
1126 2247 1286 2281 constans,
1299 2255 1354 2283 4¹·

203 2289 340 2318 mittitur
355 2289 394 2318 ad
412 2289 532 2319 bellum
558 2292 591 2319 in
616 2291 763 2327 Sabinos,
782 2290 853 2321 ibid.
877 2299 954 2320 curn
978 2288 1108 2328 collegis
1131 2288 1229 2319 exsilii
1250 2288 1356 2319 caussa

203 2330 306 2362 solum
323 2333 427 2368 vertit,
443 2334 496 2371 58.

158 2374 200 2405 0.
219 2375 346 2413 fabius,
365 2374 486 2415 legatus
503 2375 541 2406 ad
558 2375 681 2415 Gallos,
698 2377 817 2407 ducem
833 2385 945 2408 eorum
961 2375 1080 2406 occidit
1092 2375 1193 2414 hasta,
1207 2381 1239 2416 5,
1254 2382 1305 2416 35.
1322 2380 1354 2404 et
