1572 2616
460 173 829 206 msa-namnum
867 173 1070 203 manos.
1185 206 1200 220 ,
1275 159 1357 216 269

171 253 362 294 Vigiliarum
378 264 499 285 munus
514 263 533 285 a
548 253 743 285 senatoribus
757 253 897 291 obitum,
913 254 976 292 3‚6

171 297 298 337 Vigiliae
313 297 479 334 militares,
495 308 553 338 44,
569 306 584 335 3
591 307 620 335 3

171 340 297 380 Vigiliae
309 341 349 372 ab
364 341 505 372 exercitu
528 339 698 370 Annibalis
712 348 767 380 per
787 339 996 379 quatriduum
1021 344 1053 369 et
1071 343 1132 368 tres
1158 335 1266 368 noetes
1286 336 1368 368 tole-

216 390 307 421 ratae‚
325 394 379 421 22,
399 394 429 416 2·

172 425 256 457 Villa
273 427 402 466 publica
423 427 457 456 in
479 435 597 465 campo
613 424 733 455 Martio
754 425 927 462 aedificata,
944 434 978 463 4,
998 433 1049 455 22.
1065 423 1109 454 ibi
1131 423 1277 463 primum
1292 431 1369 453 cen·

215 469 265 500 sus
293 469 404 509 populi
429 468 529 505 aestus,
553 468 625 498 ibid.
649 467 789 498 reficitur
807 474 840 498 et
863 467 1093 508 amplificatur,
1120 476 1172 507 34,
1187 475 1242 506 44.
1269 466 1304 496 in
1331 474 1370 496 ea

214 512 390 551 hospitium
406 511 517 551 legatis
532 512 673 541 hostium
689 511 859 550 praebetur,
877 520 930 549 30,
949 519 1001 541 21.
1019 519 1072 549 33,
1090 519 1141 549 24.

174 555 213 585 L.
227 555 355 593 Villius,
372 555 518 585 tribunus
531 553 644 594 plebis,
661 553 767 592 legem
783 554 952 583 annariam
966 553 1038 589 fert,
1054 561 1110 591 40,
1125 561 1179 591 44.
1203 551 1279 582 inde
1293 560 1371 591 cog-

215 607 338 628 nomen
352 597 484 628 familiae
501 597 657 634 inditum,
673 603 710 626 ut
725 596 869 626 Annales
892 595 1139 635 appellarentur,
1154 594 1227 624 ibid.
1244 600 1371 625 creatur

215 647 342 680 praetor,
358 650 414 679 42,
431 641 483 672 28.
507 640 634 670 sortitur
647 638 900 677 jurisdiffionem
917 639 1000 668 inter
1016 639 1211 678 peregrinos,
1230 647 1282 677 31.

152 693 156 698 ’
173 683 209 713 L.
225 683 340 714 Villius
359 682 540 723 Tappulus,
561 682 662 713 aedilis
686 681 842 722 plebeius,
858 681 982 721 aliquot
1005 687 1168 711 matronas
1190 680 1297 720 probri
1317 688 1372 711 ac-

215 727 316 763 cusat,
333 733 386 765 25,
408 736 437 757 2.

171 767 207 799 L.
223 769 338 799 Villius
353 749 534 808 Tappulus,
552 773 679 807 praetor,
696 777 749 807 31,
763 776 818 808 49.
839 767 868 797 ei
885 766 991 797 evenit
1007 766 1165 803 Sardinia,
1180 775 1268 804 32‚1
1275 788 1283 797 .

173 811 210 842 P.
225 811 354 848 Villius,
372 811 520 841 tribunus
532 810 648 851 plebis,
667 819 700 849 3,
719 817 771 850 54.

172 854 208 885 P.
223 854 340 885 Villius
359 854 543 894 Tappulus,
558 863 599 884 ex
621 853 772 883 aedilitate
795 851 920 893 plebeia
942 858 1071 892 praetor,
1096 863 1150 892 29,
1168 853 1220 891 38.
1241 850 1369 882 sortitur

214 897 372 934 Siciliam,
399 907 452 936 30,
475 906 502 927 1.
525 896 687 926 decemvir
711 896 792 936 agris
816 896 1012 933 dividamus,
1031 905 1084 934 31,
1100 905 1132 934 4.
1173 894 1298 932 consul,
1313 904 1370 935 49.

215 940 427 980 proficiscitur
450 941 483 970 in
507 939 750 976 Macedoniam,
776 948 829 978 32,
854 949 886 979 3.
909 938 992 969 nihil
1023 938 1232 969 memorabile
1262 938 1303 968 ab
1331 946 1371 967 eo

216 982 341 1021 aSium,
358 984 390 1013 6.
412 982 535 1021 legatus
557 982 615 1012 sub
636 982 677 1012 Τ.
697 982 846 1018 Quintio,
865 983 916 1013 28.
936 981 1070 1020 jubetur
1092 982 1151 1011 effe
1174 983 1208 1011 in
1231 989 1371 1010 numero

215 1026 329 1056 decem
347 1025 540 1065 legatorum,
557 1034 598 1055 ex
613 1034 752 1064 quorum
768 1024 900 1055 consilio
918 1025 1004 1064 pacis
1019 1023 1105 1063 leges
1120 1024 1268 1062 Philippo
1284 1023 1375 1053 daret

214 1068 257 1099 T.
274 1069 440 1105 Quintius,
459 1077 512 1107 33,
532 1077 584 1106 24.
609 1068 633 1098 it
656 1068 696 1097 ad
711 1068 930 1104 Antiochum,
950 1074 1001 1107 35.
1024 1067 1092 1105 ejus
1115 1073 1146 1096 et
1171 1066 1373 1105 collegarum.

214 1111 397 1152 congreffus
415 1120 492 1141 cum
508 1120 592 1150 rege,
609 1120 662 1152 39.
679 1117 710 1141 et
724 1120 778 1148 40.
801 1111 925 1141 rursum
942 1110 1081 1140 mittitur
1096 1109 1136 1139 ad
1151 1109 1372 1146 Antiochum,

217 1163 272 1194 34,
302 1163 352 1195 59.
378 1153 501 1184 Elaeam
517 1154 619 1190 venit,
643 1162 698 1193 35,
729 1163 779 1192 13.
802 1153 1006 1192 congreditur
1031 1162 1110 1183 cum
1126 1152 1300 1188 Annibale,
1321 1160 1372 1189 14.

215 1206 295 1227 cum
324 1197 503 1234 Antiocho,
536 1206 548 1227 ι
556 1204 585 1237 5.
608 1196 731 1236 legatus
757 1197 792 1227 in
824 1196 988 1227 Graeciam
1015 1196 1167 1236 mittitur,
1194 1204 1246 1235 23.
1269 1199 1375 1225 tentat

216 1241 387 1279 Magnetas
402 1240 526 1276 frustra,
547 1249 598 1280 39.

172 1282 346 1313 Viminalis
362 1282 453 1313 collis
467 1283 595 1313 additus
607 1282 677 1312 urbi
693 1291 713 1312 a
728 1282 793 1313 Ser.
805 1281 929 1319 Tullio,
949 1292 978 1319 1,
994 1291 1049 1322 44.

173 1325 316 1355 Vincula
340 1325 451 1356 demta
473 1325 589 1356 Romae
612 1324 729 1355 vinffls
750 1325 785 1355 in
808 1325 990 1356 celebritate
1012 1325 1109 1365 primi
1130 1323 1322 1363 leflisternii,
1339 1329 1372 1365 5,

172 1377 375 1447 Virlu'ialium,
389 1410 559 1451 oppidum,
577 1410 660 1450 Epit.
678 1410 732 1441 61.

173 1453 333 1484 Vindiciae
345 1453 523 1484 secundum
538 1453 735 1491 libertatem,
753 1462 785 1493 3,
802 1463 857 1494 44.

172 1495 354 1534 Vindicius,
372 1497 489 1535 servus,
507 1497 765 1546 conjurationem
781 1498 821 1527 ad
841 1497 1036 1529 revocandos
1057 1506 1143 1536 reges
1167 1497 1284 1527 initam
1300 1504 1374 1535 pro·

215 1540 275 1578 dit,
294 1549 324 1577 2,
341 1550 373 1580 4.
397 1541 424 1570 ei
443 1542 579 1580 pecunia
600 1550 641 1571 ex
663 1541 786 1578 aerario,
802 1540 928 1571 libertas
945 1548 976 1571 et
998 1541 1110 1571 civitas
1128 1541 1234 1580 datur,
1252 1547 1282 1581 5.
1299 1539 1374 1579 qui-

217 1583 293 1613 dam
309 1583 467 1614 Vindffiae
483 1593 605 1614 nomen
621 1584 662 1614 ab
679 1583 735 1614 illo
752 1583 889 1614 trafium
907 1590 1037 1624 putant,
1054 1583 1126 1614 ibid.

173 1624 352 1657 Vinearum
369 1627 466 1657 usus'
460 1637 493 1657 in
516 1627 825 1668 oppugnationibus,
844 1636 877 1668 5,
895 1636 1006 1666 7.10,
1029 1637 1081 1667 34.
1104 1637 1159 1668 21,
1177 1628 1230 1658 61.
1246 1635 1300 1665 23,
1322 1619 1373 1656 18.

174 1677 495 1751 viiifrrriiptigliezezi'n
511 1711 670 1742 sacrificiis
686 1711 873 1751 praebitum,
892 1719 943 1748 10,
962 1720 1014 1749 23-

175 1770 220 1778 —
236 1755 268 1784 in
285 1755 425 1784 Galliam
442 1754 605 1784 invectum
622 1753 791 1784 illiciendae
808 1754 911 1793 gentis
926 1753 1044 1791 causta,
1059 1760 1092 1794 5,
1111 1762 1162 1792 33.

175 1798 251 1827 Vini
269 1797 351 1827 avidi
369 1798 528 1834 tibicines,
543 1797 609 1827 vid.
624 1797 800 1827 Tibicines.

176 1840 233 1870 Vir
244 1839 344 1870 saEius
359 1849 397 1870 ex
415 1840 560 1876 muliere,
575 1838 641 1869 vid.
658 1840 852 1879 Prodigium.

177 1883 235 1912 Vir
251 1884 356 1912 virum
371 1882 491 1921 legens,
509 1892 540 1920 9,
557 1892 609 1922 39.
638 1892 687 1919 10,
706 1884 756 1919 38

176 1926 242 1956 Viri
261 1925 389 1963 majoris
405 1926 533 1964 ipecies,
550 1933 648 1964 quam
673 1934 730 1964 pro
752 1925 899 1955 humano
921 1923 1047 1960 habitu,
1061 1921 1373 1963 augustiorisque,1n

221 1969 330 2008 quiete
346 1968 408 1997 visa
425 1969 550 2007 utrique
566 1967 703 2004 consuli,
719 1968 751 2004 8,
769 1968 800 1997 6.

176 2010 326 2042 Virorum
351 2019 449 2041 omne
465 2020 566 2050 genus
582 2011 615 2040 in
640 2009 742 2040 insula
759 2010 881 2040 Lemno
897 2009 1118 2048 conjuratione
1135 2007 1282 2039 muliebri
1300 2007 1374 2039 sub-

176 2053 338 2126 viigffiss
344 2063 499 2126 iss‘ss‘effs'ese
524 2095 616 2136 plura
637 2096 744 2136 stupra
765 2096 799 2126 in
825 2095 1094 2132 Bacchanalibus,
1109 2103 1210 2134 quam
1236 2093 1374 2124 semina·

177 2147 307 2210 viissffls'
321 2148 482 2218 31350133'1,
500 2182 553 2220 48.

179 2222 397 2261 Virdomarus,
416 2223 597 2254 Insubrium
614 2223 784 2255 Gallorum
801 2223 882 2261 dux,
899 2223 982 2263 Epit.
1001 2231 1053 2254 20.

179 2265 277 2304 Virga
298 2266 566 2297 circumscribitur
585 2268 768 2298 Antiochus
793 2276 848 2296 rex
875 2276 893 2296 a
918 2266 1066 2306 Popillio,
1082 2264 1186 2304 legato
1206 2263 1370 2302 Romano,

180 2315 379 2417 Vifg'ga’lifiziror
402 2349 548 2391 Sulpicii,
565 2351 683 2383 tribuni
698 2351 841 2383 militum
864 2352 1002 2382 domum
1026 2350 1185 2389 intrantis,
1200 2350 1301 2383 sorem
1316 2357 1372 2390 pet

224 2399 319 2432 cutit,
343 2403 433 2432 1,34.
742 2436 775 2466 N
794 2446 810 2475 3
