1572 2616
213 206 296 247 204
556 205 721 236 mmax
757 207 813 235 m
851 207 898 236 τ.
922 206 1057 236 mvn

208 285 473 319 Promontorium
489 286 664 324 Zelasium,
684 296 737 325 31,
753 288 807 326 46.

210 331 414 361 Proscenium
432 330 471 360 ad
488 331 592 360 aedem
610 331 784 370 Apollinis,
800 340 856 371 40,
876 339 928 372 51.

209 374 408 414 Proserpina,
427 383 479 413 24,
499 383 550 414 39.

208 417 400 457 Proserpinae
419 418 591 456 pecuniam
605 417 743 447 referunt
765 416 882 447 fluctus
898 417 931 446 in
947 416 1056 447 vicina
1068 415 1143 447 fano
1159 415 1264 453 litora,
1281 425 1334 454 29,
1356 416 1406 446 18.

253 461 389 491 thesauri
405 460 580 499 spoliantur
595 469 614 489 a
631 460 671 490 Q.
690 460 859 497 Pleminio,
881 459 1028 500 praefefito
1049 459 1169 498 Locris,
1185 470 1239 500 29,
1263 467 1292 497 7.
1317 459 1408 498 super

252 514 290 534 ea
314 514 344 533 re
371 504 576 534 Locrensium
598 503 749 542 querelae,
769 505 817 534 18.
842 505 979 543 pecunia
1004 513 1045 533 ex
1070 504 1119 533 his
1143 503 1297 533 thesauris
1313 502 1409 532 noc'te

254 547 340 578 clam
357 547 491 583 sublata,
511 557 563 585 31,
585 556 633 577 12.
657 546 856 586 sacrilegium
879 558 897 577 a
918 548 958 578 Θ.
976 547 1124 577 Minucio
1147 547 1407 586 pervestigatum,

254 592 456 631 pecuniaque
469 600 510 619 ex
525 591 618 620 bonis
633 591 807 620 noxiorum
825 591 857 619 in
873 591 1034 620 thesauros
1050 589 1194 630 reposita,
1215 599 1263 628 13·

208 634 392 665 Provincias
409 633 617 663 sortiebantur
634 634 715 663 inter
732 634 760 663 se
776 633 934 670 consules,
953 643 1004 672 10,
1018 643 1070 673 24.
1095 640 1121 664 et
1135 639 1196 663 tota
1206 632 1307 672 pqffim
1322 631 1409 672 histo·

254 678 310 707 ria.
329 684 491 716 praetoreS,
510 686 562 712 22,
581 684 631 715 35.
649 684 675 706 et
690 676 763 706 alibi
773 676 889 716 pqffim.

208 721 386 751 Provinciae
403 727 491 750 extra
507 720 652 749 ordinem
670 721 764 756 datae,
784 730 832 757 10,
851 730 902 759 24.
929 721 981 757 28,
1001 722 1051 758 38.
1077 726 1117 759 37
1152 729 1178 750 1.

209 765 393 794 Provincias
410 772 464 792 aut
480 763 592 799 sortiri,
610 771 665 793 aut
682 773 867 802 comparare
884 765 965 793 inter
980 763 1009 793 se
1026 761 1269 800 consulesjuffi,
1289 768 1340 799 37,
1363 770 1391 790 1.

210 808 386 838 Provinciae
401 814 587 846 prorogatae,
606 808 638 843 8,
656 817 707 846 23.
723 816 754 837 et
773 808 821 837 26.
851 817 900 843 10,
922 808 970 837 16.
995 818 1049 844 22,
1068 816 1117 846 34.
1145 816 1199 845 23,
1218 815 1268 844 31.
1287 811 1314 834 et
1325 804 1409 845 saepe

253 849 339 879 alias.

209 893 248 924 de
265 892 430 923 Provincia
444 892 594 922 decedere
611 892 728 931 injussu
744 893 868 923 senatus
886 903 950 924 non
968 893 1110 930 licitum,
1129 901 1253 933 29,19.
1276 890 1341 920 vid.
1361 896 1408 919 ta-

253 948 317 966 men
336 946 388 974 10,
407 937 456 966 18.
475 943 503 965 et
521 944 572 972 27,
589 946 643 975 42.

209 978 397 1011 Provocatio
414 980 453 1009 ad
470 980 628 1019 populum
646 980 714 1018 lege
730 978 862 1016 sancita,
883 990 911 1015 2,
930 981 960 1010 8.
986 989 1017 1018 3,
1037 986 1087 1020 55.
1115 988 1166 1015 10,
1183 988 1213 1017 9

209 1024 396 1054 Provocatio
419 1032 487 1053 non
510 1023 554 1053 est
577 1032 596 1053 a
620 1023 783 1059 dietatore‚
811 1033 842 1061 2,
861 1023 910 1054 18.
933 1029 964 1052 et
987 1033 1040 1063 29.
1063 1030 1211 1052 creantur
1235 1019 1405 1050 decemviri

252 1067 318 1097 sine
336 1066 574 1115 provocatione,
595 1076 624 1104 3,
644 1076 692 1103 32.

205 1110 275 1147 1ex,
301 1120 341 1140 ne
364 1111 437 1149 quis
460 1109 568 1140 ullum
596 1110 816 1149 magistratum
842 1108 907 1138 fine
931 1108 1160 1139 Provocatione
1184 1113 1326 1137 crearet.
1351 1104 1406 1145 qui

254 1153 394 1190 creasset,
411 1162 487 1183 eum
501 1153 553 1191 jus
569 1153 675 1192 sasque
690 1152 764 1182 effet
779 1153 895 1189 occidi,
913 1162 941 1191 3,
960 1160 1012 1192 55.
1028 1151 1094 1182 vid.
1111 1157 1207 1180 tamen
1223 1160 1256 1189 4,
1277 1158 1326 1188 13.

209 1196 431 1228 provocationi
449 1196 533 1225 cedit
549 1196 695 1232 dic'tator,
713 1196 744 1231 8,
764 1205 816 1233 33.

208 1239 396 1271 Provocatio
413 1248 478 1268 non
493 1240 535 1268 est
551 1238 678 1278 longius
695 1238 735 1267 ab
750 1238 828 1267 urbe
845 1237 933 1267 mille
950 1236 1112 1275 passuum,
1131 1246 1162 1275 3,
1181 1245 1233 1268 20.

207 1283 371 1314 Proxenus
387 1282 426 1311 ab
440 1281 621 1312 Orthobula
637 1291 735 1311 uxore
752 1290 877 1311 veneno
892 1280 1026 1317 tollitur,
1043 1290 1098 1320 41,
1115 1289 1165 1318 30.

208 1325 343 1361 Prusias,
367 1325 527 1364 Bithyniae
544 1334 612 1361 rex,
632 1325 664 1354 in
682 1324 762 1354 fines
785 1325 872 1363 regni
886 1323 986 1354 Attali
1008 1322 1243 1362 transgreditur,
1263 1323 1314 1357 28,
1335 1327 1363 1358 7.
1389 1330 1407 1350 a

251 1368 400 1408 Philippo
417 1367 618 1398 MacedonIae
634 1377 704 1406 rege
717 1367 905 1397 adscribitur
919 1367 1028 1397 foederi
1043 1376 1120 1397 cum
1136 1365 1294 1396 Romanis
1311 1365 1404 1400 inito,

254 1421 306 1450 29,
325 1421 373 1443 12.
399 1411 501 1441 socius
518 1418 548 1440 et
564 1411 689 1440 amicus
706 1410 859 1450 Philippi,
877 1420 929 1448 32,
949 1419 1000 1450 34.
1023 1410 1063 1440 ad
1079 1419 1156 1440 eum
1172 1409 1211 1438 de
1226 1409 1403 1438 Cianorum

251 1454 396 1484 libertate
420 1454 575 1490 scribitur,
595 1464 646 1492 33,
667 1463 717 1492 30.
741 1463 818 1483 eum
843 1453 882 1483 a<l
905 1453 1030 1483 bellum
1052 1453 1194 1483 concitat
1210 1451 1405 1485 Antiochus,

253 1505 306 1535 37,
334 1504 385 1536 25.
409 1503 575 1527 revocatur
598 1506 616 1526 a
641 1497 798 1527 Romanis
822 1497 862 1526 ad
885 1495 1017 1526 consilia
1041 1497 1143 1535 pacis,
1164 1494 1235 1524 ibid.
1259 1494 1406 1524 adversus

251 1542 434 1571 Eumenem
450 1539 576 1570 bellum
598 1541 688 1579 gerit,
707 1549 761 1579 39,
778 1540 832 1579 46.
855 1539 1053 1570 Annibalem
1077 1538 1202 1578 recipit,
1220 1545 1270 1577 51.
1294 1543 1324 1566 et
1342 1537 1406 1567 Ro-

251 1583 356 1613 manis
373 1583 490 1621 prodit,
507 1582 578 1612 ibid.
603 1582 671 1620 ejus
687 1582 805 1621 legatio
817 1582 857 1612 ad
874 1582 1038 1612 Romanos
1055 1582 1094 1612 de
1109 1590 1187 1621 pace
1204 1590 1282 1610 curn
1298 1579 1407 1611 Perseo

251 1626 467 1662 concilianda,
483 1635 538 1665 44,
562 1634 609 1663 14.
633 1635 711 1655 cum
727 1625 794 1654 filio
810 1625 991 1655 Nicomede
1007 1624 1148 1655 Romam
1162 1624 1262 1659 venit,
1275 1630 1331 1662 45,
1347 1632 1401 1662 44.

249 1668 317 1706 ejus
334 1667 514 1704 humilitas,
532 1667 602 1697 ibid.
626 1677 645 1698 a
659 1667 726 1698 filio
741 1668 923 1698 Nicomede
938 1667 1107 1704 occiditur,
1127 1667 1211 1707 Epit.
1228 1675 1281 1707 50·

207 1713 401 1752 Prytaneum
420 1711 544 1751 Cyzici,
562 1720 617 1749 41,
636 1718 687 1750 25.

207 1755 352 1795 Prytanis
366 1754 513 1783 summus
529 1754 615 1793 apud
631 1753 774 1784 Rhodios
791 1754 1005 1792 magistratus,
1022 1762 1079 1792 42,
1094 1760 1149 1794 45.

206 1798 343 1829 Psaltriae
360 1797 491 1836 quando
507 1798 651 1836 primum
667 1797 784 1826 additae
801 1796 916 1836 epulis,
935 1806 988 1837 39,
1005 1797 1036 1826 6.

206 1840 506 1879 Pseudophilippus,
523 1839 589 1869 vid.
608 1840 692 1879 Epit.
710 1849 762 1878 49.
781 1848 832 1878 50.
851 1847 902 1879 53.

203 1883 364 1922 Pteleum,
379 1882 549 1923 oppidum,
567 1890 621 1923 35,
637 1892 692 1923 43.
714 1882 849 1913 diruitur
864 1892 882 1913 a
896 1881 1132 1919 fundamentis,
1144 1891 1198 1921 42,
1215 1881 1267 1918 67.

205 1927 381 1959 Ptolemaeo
396 1927 606 1965 Philopatori,
623 1927 755 1975 AEgypti
772 1927 848 1965 regi,
865 1926 904 1956 ad
922 1926 1142 1956 renovandam
1155 1924 1336 1954 amicitiam
1349 1922 1408 1952 do-

249 1979 293 2000 no
309 1967 400 1999 missa
417 1976 490 2007 toga
514 1976 544 1998 et
570 1970 683 1999 tunica
707 1978 864 2008 purpurea
888 1978 965 1998 cum
989 1968 1064 1998 sella
1079 1969 1233 2003 eburnea,
1252 1974 1305 2003 27,
1322 1975 1353 2004 4.
1379 1965 1405 1995 is

248 2013 349 2043 mittit
366 2012 486 2050 legatos
513 2012 553 2041 ad
578 2012 797 2042 dirimendum
823 2011 947 2042 bellum
965 2012 1046 2041 inter
1061 2011 1250 2050 Philippum
1266 2016 1297 2039 et
1313 2008 1407 2038 AEto-

247 2056 309 2091 los,
327 2064 377 2093 30.
396 2054 463 2084 vid.
480 2061 508 2082 et
525 2064 579 2092 32,
598 2064 649 2093 33.

205 2098 400 2130 Ptolemaeus
416 2097 612 2136 Epiphanes,
631 2107 685 2127 rex
702 2097 847 2136 AEgypti,
868 2105 921 2134 31,
940 2107 969 2128 2.
992 2096 1032 2126 ad
1048 2105 1124 2126 eum
1143 2094 1238 2134 legati
1262 2094 1402 2124 Romani

247 2141 343 2176 miffi‚
361 2140 432 2170 ibid.
458 2140 526 2177 ejus
551 2140 590 2169 ad
613 2141 779 2170 Romanos
803 2139 931 2178 legatio,
948 2151 978 2178 9.
1003 2138 1158 2169 Antiochi
1175 2137 1278 2168 filiam
1299 2137 1403 2174 ducit,

248 2194 302 2224 35,
322 2193 372 2222 13.
397 2183 517 2221 legatos
534 2183 674 2212 Romam
692 2183 803 2217 mittit,
822 2182 875 2220 36,
892 2192 924 2220 4.
948 2181 1129 2221 pollicetur,
1150 2182 1179 2211 se
1201 2190 1280 2211 cum
1303 2180 1405 2220 copiis

248 2227 310 2256 suis
327 2227 360 2256 in
377 2226 534 2256 AEtoliam
552 2232 740 2262 venturum,
758 2224 829 2253 ibid.
846 2224 911 2254 vid.
926 2231 955 2253 et
972 2233 1026 2262 37,
1046 2234 1075 2263 3.

202 2270 396 2302 Ptolemaeus
413 2268 526 2306 major,
545 2268 606 2297 live
619 2268 829 2304 Philometor,
846 2274 876 2297 et
893 2267 1084 2298 Ptolemaeus
1099 2267 1216 2301 minor,
1234 2265 1296 2296 five
1309 2266 1404 2296 Ever-

244 2319 332 2351 getes
349 2319 405 2342 aut
420 2311 581 2352 Physcon,
599 2310 654 2341 filii
672 2310 836 2340 Ptolemaei
862 2310 1052 2350 Epiphanis,
1067 2320 1122 2350 44,
1145 2319 1193 2348 19.
1216 2319 1328 2339 eorum
1343 2309 1404 2338 dis-

246 2355 377 2391 cordiae,
394 2354 466 2383 ibid.
490 2361 521 2384 et
538 2354 768 2390 reconciliatio,
785 2361 840 2393 45,
859 2363 908 2383 11.
934 2354 1065 2393 AEgypti
1088 2361 1237 2392 regnum,
1253 2352 1339 2382 brevi
1366 2352 1404 2381 iis

246 2397 461 2429 adimendum
477 2398 517 2428 ab
533 2397 698 2428 Antiocho
713 2397 894 2438 Epiphane,
911 2396 1049 2428 servatur
1063 2406 1084 2428 a
1100 2396 1256 2427 Romanis
1278 2394 1403 2434 legatis,

252 2451 300 2473 12.
