1572 2616
446 163 820 194 HISTORIARUM
852 163 1053 192 LIBROS.
1284 161 1350 204 31¹¹

160 243 304 281 Adeffiis,
327 242 452 282 regulus
471 244 653 281 Thracum,
678 243 838 284 impetum
853 243 928 274 facit
951 244 984 273 in
1008 241 1129 283 CotyiS,
1146 240 1342 282 Odrysarum

202 288 295 326 regis,
313 287 405 323 fines,
421 297 476 326 42,
491 288 543 324 67.

160 330 335 363 Atratinus,
349 329 416 360 vid.
433 330 651 369 Sempronius.

159 373 271 411 Atrax,
294 373 464 412 oppidum,
481 374 594 404 decern
613 373 713 403 ferme
738 372 840 402 millia
858 373 898 402 ab
916 372 1042 409 Larissa,
1069 370 1228 401 obsidetur
1243 380 1261 400 a
1276 369 1345 400 Ro-

202 416 319 452 maniS,
338 426 391 454 32,
412 423 460 456 15.
484 417 539 456 qui
563 425 595 446 re
616 415 732 446 infefita
757 416 890 454 abeunt,
918 425 966 453 17.
989 423 1016 445 et
1036 416 1083 445 18.
1101 414 1166 445 vid.
1184 421 1212 444 et
1236 423 1291 453 33,
1308 423 1341 454 4.

204 459 257 497 36,
277 469 325 489 10.
342 466 371 488 et
391 468 440 498 13.

159 502 194 531 L.
206 502 332 536 Atreus,
350 512 404 542 43,
423 511 471 539 13.

158 544 286 575 Atrium
306 545 484 581 Libertatis,
503 554 557 585 25,
577 552 606 582 7.
630 544 782 582 reficitur,
804 550 836 574 et
858 543 1086 583 amplificatur,
1105 553 1158 583 34,
1175 552 1228 583 44.
1255 543 1287 573 in
1304 551 1342 573 eo

200 587 396 618 tabularium
412 588 593 624 censorum,
609 598 664 627 43,
684 589 732 618 18.
749 587 815 619 vid.
831 595 859 617 et
874 596 929 627 45,
947 595 999 627 15.

158 647 201 653 —
218 630 379 661 Maenium
396 632 429 660 in
446 632 639 667 lautumiis,
659 640 712 671 39,
727 640 782 671 44.

157 690 201 696 —
216 673 387 713 publicum
399 675 432 703 in
450 674 620 714 Capitolio,
638 684 692 714 24,
712 683 760 704 10.

156 732 201 739 —
215 717 352 756 regium,
369 718 518 747 incendio
531 717 754 754 consumtum,
773 716 827 754 26,
843 725 894 755 27.
910 715 1076 754 refectum,
1090 723 1143 754 27,
1164 725 1175 746 1
1186 725 1213 747 1.

158 776 202 782 —
215 759 341 790 Titium
357 760 391 790 in
407 760 601 797 Lautumiis,
619 770 671 800 39,
689 769 744 799 44.

158 802 195 833 C.
212 803 321 833 Atrius
341 803 478 840 Umber,
494 804 655 834 seditionis
678 801 885 833 Sucronensis
908 802 1069 843 princeps,
1085 802 1185 833 securi
1207 802 1346 842 percuti-

202 851 265 882 tur,
280 847 333 882 28,
348 857 398 886 24.
416 853 447 876 et
464 857 516 886 29.

157 889 236 919 Atta
251 888 394 927 Clausus,
411 890 479 920 vid.
494 891 556 929 Ap.
572 888 736 920 Claudius.

158 931 300 968 Attalus,
317 941 371 962 rex
386 933 481 969 Afiae,
497 934 550 970 26,
570 942 622 972 24.
644 932 800 972 AEginam
815 932 916 970 venit,
934 939 988 970 27,
1007 941 1059 971 30.
1075 938 1107 962 et
1124 932 1167 963 ibi
1183 932 1349 971 hibernat,

204 984 256 1014 33.
271 976 357 1014 capit
372 981 404 1005 et
416 976 523 1015 diripit
539 976 761 1015 Opuntiorum
778 975 906 1012 urbem,
925 977 978 1012 28,
995 983 1023 1012 7.
1039 976 1231 1015 opprimitur
1246 977 1347 1006 ferme

200 1027 221 1047 a
242 1017 402 1058 Philippo,
429 1018 501 1048 ibid.
524 1018 644 1049 omiffis
664 1019 757 1049 rebus
783 1018 942 1049 Romanis
972 1020 1005 1048 in
1028 1019 1138 1049 Asiam
1162 1019 1292 1057 trajicit,
1315 1026 1347 1056 7.

203 1061 369 1092 Romanos
390 1061 511 1101 legatos
533 1061 750 1092 Peffinuntem
778 1062 921 1098 deducit,
940 1062 1131 1102 sacrumque
1146 1062 1183 1092 iis
1203 1062 1347 1101 lapidem

201 1105 306 1138 tradit,
324 1113 377 1142 29,
398 1114 410 1134 1
421 1115 447 1135 1.
464 1114 482 1134 a
498 1105 653 1135 Romanis
670 1105 855 1135 adscribitur
867 1105 989 1141 foederi,
1004 1114 1082 1134 cum
1095 1105 1244 1145 Philippo
1255 1105 1346 1138 inito,

205 1156 257 1178 12.
278 1148 368 1177 venit
397 1148 553 1178 Piraeeum
583 1148 774 1178 renovandae
801 1158 878 1179 cum
909 1148 1161 1178 Atheniensibus
1191 1148 1349 1178 societatis

202 1189 320 1227 cauffa,
348 1200 400 1229 31,
421 1200 470 1231 14.
494 1190 677 1230 adloquitur
698 1192 857 1231 populum
873 1191 1000 1230 scripto,
1020 1200 1068 1230 15.
1094 1192 1232 1221 honores
1254 1191 1284 1221 ei
1305 1191 1348 1222 ab

200 1232 451 1264 Atheniensibus
472 1235 602 1271 decreti,
620 1233 692 1264 ibid.
708 1243 786 1265 cum
809 1235 966 1264 Romanis
981 1234 1103 1264 Oreum
1119 1240 1300 1274 oppugnat,
1316 1239 1351 1265 et

201 1277 300 1316 capit,
316 1278 369 1317 46.
388 1278 543 1317 opprimit
559 1277 730 1316 AEgeleon,
747 1277 817 1308 ibid.
834 1277 902 1315 ejus
923 1277 1017 1316 legati
1034 1284 1171 1307 monent
1186 1278 1348 1314 senatum,

202 1319 282 1350 fines
299 1321 385 1359 regni
401 1320 444 1350 sui
462 1321 571 1350 vastari
589 1321 628 1351 ab
646 1321 823 1358 Antiocho,
843 1331 896 1360 32,
908 1321 937 1350 8.
963 1330 1117 1350 coronam
1135 1330 1266 1351 auream
1284 1321 1347 1360 246

202 1362 312 1402 pondo
328 1363 361 1392 in
382 1363 542 1403 Capitolio
559 1364 744 1403 ponendam
761 1371 864 1401 curat,
883 1371 934 1401 27.
963 1363 1062 1393 Attali
1077 1371 1108 1394 et
1126 1364 1252 1394 Quintii
1267 1373 1349 1394 con-

203 1405 278 1435 sulis
293 1405 494 1444 colloquium
511 1415 588 1436 cum
604 1407 743 1443 Nabide,
758 1417 810 1447 39.
825 1414 855 1437 et
870 1416 923 1445 40.
949 1407 981 1436 in
999 1407 1138 1436 concilio
1158 1408 1348 1437 Boeotorum

202 1448 326 1487 primus
350 1449 445 1478 verba
469 1449 557 1486 facit,
578 1455 609 1479 et
629 1449 764 1489 loqueris
787 1450 940 1486 concidit,
959 1459 1012 1488 33,
1030 1460 1058 1480 2.
1085 1450 1277 1488 Pergamum
1293 1449 1349 1480 ad-

201 1490 322 1527 veEtus,
347 1493 504 1522 moritur:
534 1491 602 1529 ejus
630 1492 752 1528 laudes,
774 1502 828 1524 21.
855 1494 977 1532 primus
998 1492 1108 1523 Asiam
1131 1493 1349 1524 incolentium

202 1533 315 1564 abnuit
330 1535 522 1574 stipendium
538 1536 611 1565 dare
629 1535 742 1572 Gallis,
761 1537 814 1574 38,
832 1538 879 1566 16.

158 1576 299 1614 Attalus,
317 1577 471 1608 Eumenis
493 1578 598 1615 frater,
623 1579 757 1609 nunciat
781 1579 914 1616 senatui,
931 1579 1134 1609 Antiochum
1157 1588 1236 1609 cum
1257 1589 1349 1610 exer-

201 1620 267 1650 citu
286 1620 532 1660 Hellespontum
549 1621 712 1660 trajecisse,
732 1630 781 1662 35,
801 1631 850 1660 23.
875 1632 942 1652 rem
966 1623 1148 1652 Romanam
1165 1622 1296 1659 adjuvat
1313 1624 1348 1653 in

202 1672 311 1702 pugna
328 1673 404 1694 cum
422 1665 599 1702 Antiocho,
618 1673 671 1703 37,
688 1674 740 1704 43.
765 1664 885 1695 arcessit
900 1675 976 1695 eum
991 1676 1008 1695 a
1032 1666 1184 1704 Pergamo
1200 1665 1348 1696 Manlius

203 1706 327 1743 consul,
353 1707 391 1736 ad
411 1706 636 1746 capessendum
661 1708 770 1738 secum
788 1708 912 1738 bellum
934 1708 1111 1745 Gallicum,
1140 1709 1192 1746 38,
1211 1718 1261 1740 12.
1296 1718 1350 1739 ce-

202 1748 311 1786 lerius,
328 1759 427 1789 quarn
451 1751 587 1789 dignum
609 1751 780 1781 concordia
795 1752 930 1781 fraterna
947 1759 1024 1787 erat,
1042 1752 1140 1781 credit
1164 1752 1349 1783 Eumenem

202 1798 384 1828 mortuum,
400 1803 456 1832 42,
479 1795 527 1823 16.
552 1793 654 1824 fidum
682 1794 712 1824 se
739 1795 860 1824 socium
887 1795 1004 1834 praebet
1022 1795 1177 1824 Romanis
1205 1795 1238 1824 in
1261 1794 1348 1826 bello

203 1835 348 1865 adversus
374 1836 495 1872 Persen,
511 1846 566 1875 42,
585 1839 702 1876 55.58.
720 1838 772 1877 65.
799 1845 829 1867 et
845 1847 900 1876 44,
922 1847 970 1876 13.
994 1837 1135 1867 Romam
1162 1838 1261 1875 venit,
1290 1845 1348 1878 45,

208 1886 258 1916 19.
285 1887 303 1907 a
319 1879 434 1908 Stratio
452 1880 577 1909 medico
594 1880 764 1919 prudenter
779 1880 982 1917 admonetur,
1004 1880 1074 1911 ibid.
1092 1881 1253 1911 haeredem
1270 1891 1347 1921 pop.

204 1919 300 1950 Rom.
317 1920 479 1960 relinquit,
499 1922 580 1961 Epit.
595 1924 646 1962 58.

161 1963 289 1999 Attalis,
306 1964 404 1994 tribus
418 1965 567 2002 Athenis,
585 1975 599 2003 3
611 1975 639 2002 1,
657 1972 707 2004 15.

158 2006 306 2043 Attanes,
321 2007 580 2038 Turdetanorum
598 2008 737 2048 regulus,
754 2009 921 2048 transfugit
944 2019 962 2039 a
984 2009 1089 2040 Poenis
1110 2009 1149 2040 ad
1167 2009 1345 2049 Romanos,

206 2050 256 2081 28,
278 2056 326 2088 15.
913 2049 927 2055 ”

161 2091 269 2121 Attica
294 2099 387 2129 terra,
411 2093 464 2130 28,
484 2094 513 2124 8.
539 2103 592 2133 31,
614 2103 662 2133 ¹4·
686 2094 874 2131 devastatur,
893 2094 966 2125 ibid.
990 2095 1157 2126 marmoris
1181 2096 1288 2136 copia,
1313 2101 1346 2127 et

203 2134 338 2173 ingeniis
353 2135 514 2166 artificum
530 2137 650 2168 eximie
661 2144 785 2175 ornata,
803 2146 859 2176 31,
874 2138 926 2170 26.

160 2177 253 2216 Atys,
270 2187 323 2207 rex
339 2178 445 2215 Albae,
464 2189 493 2214 1,
511 2189 540 2218 3.

160 2219 348 2257 Avaricum,
364 2221 452 2258 urbs,
469 2221 552 2261 Epit.
571 2230 640 2260 107.

162 2260 314 2292 Auaores
331 2263 350 2292 si
368 2264 472 2294 Patres
488 2265 611 2301 fierent,
629 2266 671 2295 ita
686 2266 821 2297 demum
838 2273 943 2298 ratum
958 2273 1023 2298 erat
1040 2267 1083 2305 id,
1102 2267 1187 2307 quod
1204 2267 1345 2309 populus

205 2304 399 2343 decrevisset,
420 2317 448 2344 r,
472 2317 519 2344 17.
533 2308 596 2337 vid.
610 2309 758 2340 Senatus.

163 2345 342 2378 AuCtoritas
355 2349 490 2387 senatus,
507 2351 574 2382 vid.
586 2352 734 2383 Senatus.

161 2389 310 2429 Audena‚
321 2393 438 2430 amnis,
453 2403 508 2433 41,
528 2403 578 2433 23.
