1572 2616
190 146 247 189 94
536 147 700 176 INDEX
736 147 790 176 IN
825 149 870 176 Τ.
895 147 1029 177 LIVII

189 227 308 259 Fornix
331 226 363 257 in
387 225 558 266 Capitolio,
574 235 651 256 cum
676 227 796 266 septem
820 227 915 266 {ignis
937 228 1066 261 auratis,
1081 233 1113 257 et
1131 227 1258 259 duobus
1273 229 1376 268 equis,

231 270 350 311 positus
366 280 384 300 a
402 270 432 299 P.
451 269 598 299 Cornelio
614 271 764 309 Scipione
780 271 944 306 Africano,
964 279 1015 309 37,
1035 281 1064 309 3.

190 315 339 345 Fornices
355 314 419 343 duo
435 313 473 342 de
491 313 653 343 manubiis
670 313 741 343 faffl
757 313 797 343 ab
813 314 845 343 L.
865 314 1030 350 Stertinio,
1049 323 1101 352 33,
1119 321 1169 350 27.

188 358 339 388 Fornices
356 358 388 386 in
406 357 514 392 Muro,
529 358 592 395 apti
608 358 646 386 ad
662 357 911 394 excmrendum,
931 358 983 395 36,
1001 366 1054 395 23.

189 402 357 431 Fornicata
373 400 435 436 via,
453 409 504 434 22,
521 401 573 437 36.

188 445 338 475 Fortunae
354 443 437 473 aede>
454 443 617 478 Praeneste,
637 451 689 480 23,
712 453 759 483 19.
783 442 888 472 Roma
904 443 984 473 intra
999 449 1123 482 portam
1140 441 1380 473 Carmentalem

232 487 381 518 incendio
397 485 587 522 absumitur,
605 494 658 524 24,
674 494 728 524 47.
751 485 900 520 reficitur,
919 495 971 527 25,
991 494 1019 524 7.
1045 487 1076 516 in
1101 487 1168 516 foro
1184 487 1308 523 Boario,
1327 494 1379 524 33,

187 590 232 599 -—
246 572 418 612 Equestris,
433 581 488 610 40,
504 580 557 609 40.
575 577 606 600 et
621 580 673 611 44.
690 580 745 610 42,
764 581 793 610 3.
810 578 840 601 et
861 581 909 602 10.

189 617 289 648 Fortis
308 616 455 646 Fortunae
470 615 566 650 aedes,
587 623 637 650 10,
651 615 704 653 46.
730 622 783 651 27,
805 623 854 646 11.

189 660 340 690 Fortunae
355 657 518 688 muliebris
535 657 709 696 templum,
730 667 760 694 2,
778 667 831 695 40.

188 719 232 726 —
247 702 449 742 Primigeniae
464 701 547 730 aedes
565 700 597 729 in
613 700 695 730 colle
719 700 891 738 Quirinali,
908 710 961 740 34,
979 709 1031 741 53.
1053 710 1107 741 43,
1129 708 1177 741 15.
1201 699 1267 730 vid.
1285 707 1312 729 et
1328 711 1382 741 29,

188 756 339 819 FOthunae
356 788 389 816 in
406 786 521 826 Algido
536 786 725 826 supplicatio
742 786 909 825 imperata,
928 796 980 822 21,
997 788 1050 818 62.

190 831 310 867 Foruli,
327 831 429 867 vicus,
450 831 502 868 26,
525 839 573 860 11.

190 875 310 905 Forum
326 874 452 909 Romae,
474 883 502 909 1,
523 882 572 904 12.

189 934 233 941 —
248 924 398 947 ornatum
414 917 510 946 scutis
526 916 641 946 auratis
657 915 867 952 Samnitium,
886 927 916 956 9,
932 925 987 956 40.
1010 915 1084 945 inde
1101 916 1230 945 initium
1253 914 1310 944 fori
1334 924 1384 945 or-

233 961 331 991 nandi
345 961 384 990 ab
401 960 557 993 aedilibus,
577 959 648 989 ibid.

188 1021 233 1028 --
249 1004 394 1034 medium
411 1003 505 1042 specu
520 1003 604 1032 vasto
615 1001 791 1041 collapsum
809 1002 840 1031 in
860 1001 1052 1031 immensam
1068 1001 1286 1037 altitudinem,
1302 1008 1332 1038 7,
1353 1001 1382 1030 6.

187 1049 274 1078 circa
291 1048 407 1076 Forum
425 1047 518 1075 fastos
534 1046 567 1075 in
584 1045 657 1075 albo
674 1046 821 1085 proponit
838 1045 874 1075 C.
890 1044 1029 1081 Flavius,
1045 1051 1094 1082 ut,
1108 1045 1239 1084 quando
1251 1044 1320 1083 lege
1333 1044 1381 1083 agi

232 1090 342 1130 poffet,
359 1090 499 1125 sciretur,
517 1100 549 1128 9,
567 1089 620 1127 46.

189 1135 223 1164 in
240 1134 359 1163 Forum
377 1142 431 1172 per
446 1134 601 1162 viatorem
617 1131 729 1160 accitae
744 1137 899 1161 matronae
916 1130 1082 1165 veneficae,
1099 1130 1131 1165 8,
1153 1132 1202 1160 18.

190 1178 223 1206 in
241 1177 322 1207 Foro
344 1175 452 1205 medio
474 1175 592 1214 captivi
617 1181 647 1203 et
671 1173 855 1203 defeffionis
881 1173 1024 1203 audiores
1043 1173 1136 1212 virgis
1152 1172 1223 1203 caefi
1239 1179 1271 1203 et
1284 1172 1382 1202 securi

233 1218 375 1259 percusti,
392 1225 423 1255 7,
444 1227 492 1256 19.
517 1229 549 1257 9,
568 1227 618 1256 24.
645 1217 696 1252 28,
712 1218 763 1248 28.

190 1264 224 1293 in
243 1263 322 1292 Foro
338 1261 519 1300 suggestum
532 1260 723 1290 adornatum
746 1259 848 1289 rostris
864 1259 998 1289 navium
1015 1259 1199 1296 Antiatum,
1216 1258 1302 1288 unde
1318 1258 1383 1288 Ro·

233 1306 304 1340 stra,
323 1305 355 1341 8,
372 1314 422 1344 14.

190 1349 310 1379 Forum
334 1348 499 1383 Boarium,
516 1355 567 1382 10,
586 1355 637 1384 23.
664 1354 716 1381 21,
735 1346 786 1375 62.
814 1356 866 1380 22,
884 1352 935 1385 57.
962 1352 1014 1382 27,
1034 1352 1084 1383 37.
1110 1353 1164 1382 29,
1182 1351 1231 1382 37.
1260 1351 1311 1384 35,
1327 1353 1381 1383 40.

234 1392 267 1420 in
284 1391 351 1420 foro
368 1391 479 1420 Boario
495 1396 568 1419 ante
586 1389 734 1418 Fortunae
750 1388 852 1418 aedem
872 1389 977 1418 fornix
992 1388 1093 1418 faetus
1109 1388 1149 1417 ab
1166 1387 1200 1417 L.
1218 1387 1382 1424 Stertinio,

236 1444 290 1473 33,
309 1441 361 1470 27·

191 1494 232 1502 -
249 1477 436 1512 Olitorium,
455 1485 507 1512 21,
522 1476 573 1506 62.
596 1484 652 1514 40,
671 1484 722 1513 34.
746 1474 778 1503 in
794 1475 860 1504 soro
876 1474 1011 1504 Olitorio
1026 1474 1110 1504 aedes
1124 1474 1263 1504 Junonis
1278 1473 1380 1513 Sospi-

235 1527 276 1550 tae
292 1520 448 1555 dedicata,
466 1528 520 1558 34,
538 1527 589 1558 53.

190 1580 234 1586 -—
249 1563 466 1595 Piscatorium‚
485 1562 537 1597 26,
557 1568 607 1596 27.
630 1570 685 1600 40,
705 1567 757 1599 51.

190 1623 234 1629 --
249 1613 337 1636 extra
353 1612 476 1644 portam
493 1603 729 1642 Trigeminam,
747 1611 801 1641 40,
819 1608 869 1641 5¹·

193 1650 311 1679 Forum
326 1647 530 1688 quaestorium
546 1647 578 1676 in
595 1646 710 1678 eastris,
725 1655 781 1684 41,
800 1647 830 1676 6.

192 1693 241 1722 M.
260 1692 390 1728 Fossius,
408 1690 554 1720 tribunus
571 1688 713 1718 militum
731 1687 887 1717 consulari
903 1687 1067 1726 potestate,
1085 1697 1118 1727 4,
1137 1695 1189 1727 25.

193 1735 240 1766 M.
259 1735 376 1765 Fossius
401 1733 601 1763 Flaccinator
626 1731 738 1761 consul
764 1737 899 1766 creatur,
917 1741 949 1770 9,
974 1739 1024 1762 20.
1049 1731 1195 1770 magister
1219 1730 1382 1770 equitum,

238 1780 288 1808 26.
307 1778 436 1813 iterum,
455 1777 506 1807 28.

190 1821 279 1851 Fossa
295 1820 425 1857 Cluilia,
448 1829 474 1855 ι,
491 1828 542 1858 23.
567 1828 599 1855 2,
618 1827 669 1858 39.

189 1881 233 1887 --
249 1865 374 1899 Graeca,
393 1865 445 1897 28,
461 1864 517 1900 46.

191 1923 234 1930 -—-
252 1906 442 1940 Quiritium,
460 1914 540 1943 opus
555 1904 638 1933 Anci
656 1904 747 1941 regis,
768 1913 796 1939 1,
816 1913 867 1942 33.

190 1951 299 1980 Frater
314 1950 412 1984 fratri,
431 1948 527 1977 etiam
552 1946 655 1976 filium
680 1947 824 1983 habenti,
842 1945 981 1976 succedit
1004 1945 1037 1975 in
1062 1944 1279 1984 principatum
1296 1944 1381 1982 apud

235 1993 408 2031 Hispanos,
427 1991 479 2026 28,
500 1998 550 2020 21.
575 1990 651 2019 item
669 1990 754 2028 apud
770 1989 943 2025 Numidas,
961 1999 1014 2028 29,
1031 1999 1083 2028 29.

191 2035 354 2075 Fregellae,
371 2034 498 2064 colonia
514 2032 749 2069 Romanorum,
766 2034 798 2068 8,
818 2042 868 2063 22.
891 2037 1068 2070 occupatur
1083 2039 1102 2059 a
1117 2028 1331 2065 Samnitibus,
1350 2037 1382 2066 9,

239 2088 287 2108 12.

191 2120 375 2160 Fregellana
389 2129 443 2149 arx
457 2118 581 2157 capitur
596 2127 614 2147 a
627 2117 840 2153 Samnitibus,
857 2128 888 2156 9,
906 2116 955 2145 28.
973 2115 1134 2153 recipitur,
1151 2114 1222 2144 ibid.

191 2163 450 2202 Fregellanorum
476 2162 508 2190 in
531 2161 695 2190 Romanos
712 2160 802 2195 fides,
831 2168 883 2196 27,
906 2168 953 2188 10.
978 2158 1125 2196 equitum
1147 2157 1311 2194 fortitudo,
1330 2157 1382 2188 26.

235 2213 265 2236 et
283 2214 334 2242 27·

192 2248 394 2288 Fregellanus
411 2257 495 2286 ager,
514 2248 566 2284 26,
584 2257 614 2286 9.

192 2292 356 2330 Fregenae,
373 2291 521 2326 coloniae,
540 2296 673 2328 negatur
689 2289 812 2318 vacatio
828 2289 868 2317 rei
887 2286 1021 2323 navalis,
1041 2288 1093 2324 36,
1112 2296 1140 2325 3.

192 2334 354 2369 Frentani,
369 2334 518 2372 populus,
535 2342 600 2362 uno
619 2332 729 2371 proelio
743 2332 956 2367 debellantur,
973 2341 1003 2370 9,
1022 2332 1070 2360 16.
1094 2335 1231 2359 oratores
1248 2329 1383 2358 mittunt

236 2377 389 2413 Romam,
407 2383 549 2415 petentes
564 2384 692 2415 pacem,
710 2382 762 2415 45.
787 2375 823 2405 iis
836 2374 938 2404 foedus
953 2374 1080 2410 datum,
1098 2372 1171 2402 ibid.
