1572 2616
429 191 802 223 HISTORIARUM
838 192 1042 221 manos.
1266 180 1345 224 261

199 272 279 312 phat
297 272 362 304 fine
385 273 570 304 au&oritate
585 273 729 308 Panum,
747 271 857 312 populi
879 271 979 309 jufl'u,
997 273 1051 311 63.
1072 271 1128 302 fibi
1146 272 1353 303 consulatum

200 317 391 351 continuari,
409 317 494 347 nolle
508 319 549 353 se,
564 316 740 356 profitetur,
758 318 810 355 64.
827 315 893 345 vid.
911 322 940 345 er
955 325 988 355 4,
1005 317 1034 346 6.

157 358 194 390 L.
212 359 355 390 Valerius
384 361 517 394 Potitus,
543 360 693 390 tribunus
718 359 860 389 militurn
884 359 1042 389 consulari
1065 359 1232 398 potestate,
1247 367 1283 398 4,
1298 368 1354 398 49.

201 402 332 441 iterum,
357 405 408 444 58.
432 405 575 439 tertium,
600 410 631 443 5,
652 412 680 432 1.
705 410 871 441 quartum,
891 411 939 432 10.
963 403 1129 442 quintum,
1151 411 1199 442 14.
1221 411 1242 433 a
1264 402 1355 432 Fale-

200 446 253 476 riis
268 447 413 486 ingentes
430 448 552 486 praedas
566 449 643 485 agit,
659 445 733 476 ibid.

157 487 193 519 L.
209 489 353 520 Valerius
369 491 490 520 Potitus
507 489 617 520 consul
634 496 770 525 creatur,
789 497 820 528 5,
840 497 892 527 31.
915 488 993 519 facit
1007 487 1101 519 ludos
1117 497 1266 528 magnos,
1283 487 1354 518 ibid.

201 533 353 564 caeditAE
356 543 450 573 quos,
467 533 539 563 ibid.
556 533 748 572 triumphat,
765 531 838 561 ibid.

158 575 195 605 L.
209 575 353 606 Valerius
356 544 504 613 qPotitus,
521 577 670 611 interrex,
690 583 721 615 5,
739 585 792 614 31.

156 619 192 648 L.
209 619 355 651 Valerius
369 620 504 657 Potitus,
522 621 671 655 interrex,
691 620 723 655 6,
742 626 772 658 5.

158 661 194 693 L.
212 663 355 693 Valerius
370 665 486 703 'l'appo
499 671 623 693 creatur
639 669 765 702 praetor,
784 668 907 701 35,10.
929 660 1055 691 sortitur
1070 643 1228 698 Siciliam,
1246 669 1299 693 20.

158 704 195 737 1..
212 705 356 737 Valerius
373 707 409 738 C.
430 708 464 738 F.
479 707 593 746 Tappo
610 713 733 737 creatur
749 706 898 735 triumvir
918 704 1058 735 coloniae
1073 704 1283 743 deducendae,
1302 710 1359 744 37,-

159 793 196 824 1..
212 792 358 824 Valerius
374 794 408 824 P.
424 792 458 824 F.
477 792 610 823 Flaccus
625 798 749 823 creatur
763 791 910 822 triumvir
926 789 1064 821 coloniae
1076 790 1288 829 deducendae,
1305 798 1361 830 37,

162 845 369 910 M†Valerius
386 878 505 909 fecialis
520 879 598 909 facit
613 879 669 918 Sp.
687 878 817 909 Fusium
835 883 958 917 patrem
976 883 1151 917 patratum,
1172 886 1201 914 1,
1219 886 1271 917 24.

162 922 214 953 M.
230 922 387 960 Valerius,
404 922 579 953 Publicolae
595 922 699 958 frater,
713 921 837 958 consul,
855 922 1033 960 triumphat
1046 921 1085 950 de
1101 921 1242 957 Sabinis,
1256 931 1289 958 2,
1310 920 1361 952 16.

207 966 240 996 in
259 975 368 1006 pugna
384 966 423 996 ad
439 965 602 1005 Regillum
617 965 741 1003 lacum,
759 971 869 1004 petens
883 963 1115 1004 Tarquinium,
1133 964 1196 1004 ipse
1212 963 1364 995 interfici-

206 1015 270 1045 tur,
289 1018 340 1039 20.

166 1051 226 1082 M‘.
243 1052 400 1088 Valerius,
420 1052 468 1082 M.
486 1051 520 1082 F.
536 1050 640 1082 Volesi
655 1050 700 1081 N.
715 1059 780 1080 non
797 1050 858 1080 fuit
875 1051 999 1090 primus
1014 1049 1159 1086 difflaton
1177 1060 1208 1087 2,
1225 1049 1275 1080 18.

168 1094 227 1126 M'.
243 1095 400 1131 Valerius,
419 1094 519 1125 Volesi
546 1095 579 1125 F.
596 1094 729 1124 difflator
751 1101 886 1130 creatur,
914 1105 944 1130 2,
964 1103 1016 1133 30.
1039 1095 1077 1124 de
1101 1093 1227 1123 Sabinis
1250 1093 1364 1123 trium-

209 1139 300 1178 phat,
319 1148 370 1176 31.
393 1147 497 1176 quum
516 1137 635 1178 populo
660 1136 815 1175 indulgeri
841 1144 983 1176 cuperet,
1011 1136 1253 1177 aspernantibus
1267 1136 1368 1167 Patri·

210 1182 271 1212 bus
287 1180 356 1219 ejus
373 1181 573 1218 relationem,
589 1181 716 1210 abdicat
733 1179 761 1210 se
774 1180 941 1217 diftatura,
957 1180 1030 1211 ibid.

168 1224 218 1255 M.
237 1225 382 1255 Valerius
397 1234 498 1263 augur
514 1224 660 1261 moritur,
679 1233 708 1262 3,
729 1230 757 1260 7.

170 1267 219 1298 M.
236 1268 394 1304 Valerius,
410 1269 557 1307 quaestor,
576 1277 608 1306 3,
627 1276 678 1307 25.
702 1265 826 1303 consul,
845 1275 896 1304 3¹·

168 1311 217 1341 M.
234 1311 392 1346 Valerius,
408 1311 555 1340 tribunus
572 1310 729 1345 rnilitum,
747 1318 824 1339 cum
843 1308 938 1339 Gallo
951 1307 1098 1348 singulari
1114 1308 1291 1339 certamine
1305 1318 1367 1349 pu-

208 1363 323 1393 gnans,
341 1364 359 1383 a
374 1363 470 1384 corvo
481 1353 579 1393 galeae
597 1353 750 1382 insidente
767 1353 909 1389 adjutus,
925 1352 1049 1382 hostem
1062 1352 1246 1388 obtruncat,
1269 1360 1298 1390 7,
1314 1353 1366 1383 26.

213 1398 328 1427 decem
355 1397 458 1427 bobus
482 1406 640 1435 aureaque
664 1404 782 1425 corona
805 1396 955 1431 donatur,
974 1395 1045 1425 ibid.
1074 1395 1197 1425 Corvus
1220 1401 1367 1431 vocatur,

214 1440 285 1470 ibid.
310 1448 371 1470 tres
387 1448 418 1470 et
434 1440 547 1480 viginti
564 1449 667 1469 annos
690 1445 784 1468 natus
806 1438 916 1468 consul
942 1445 1078 1475 creatur,
1095 1438 1168 1468 ibid.
1191 1438 1369 1468 secundum

214 1483 339 1520 consul,
357 1491 408 1520 27.
433 1483 533 1513 vincit
559 1482 701 1518 Volscos,
726 1482 812 1520 capit
837 1482 1012 1518 Satricum,
1031 1489 1061 1510 et
1085 1482 1277 1521 triumphat,
1294 1481 1367 1511 ibid.

213 1528 346 1557 tertium
363 1526 487 1563 consul,
506 1527 558 1557 28.
582 1526 729 1556 adversus
747 1526 908 1554 &immites
926 1524 1147 1564 proficiscitur,
1166 1534 1217 1562 32.
1243 1525 1311 1562 ejus
1328 1525 1368 1555 ad

215 1570 334 1600 milites
361 1570 555 1606 adhortatio,
575 1568 646 1598 ibid.
677 1569 841 1598 familiaris
869 1569 912 1598 est
940 1568 1036 1598 militi
1061 1567 1141 1604 dux,
1166 1577 1218 1606 33.
1247 1568 1370 1598 invadit

217 1614 341 1653 primus
356 1613 508 1643 omnium
531 1613 648 1648 hostes,
665 1619 696 1641 et
721 1611 835 1648 vincit,
853 1610 925 1640 ibid.
949 1612 1130 1650 triumphat
1153 1611 1192 1640 de
1218 1611 1373 1641 Samniti-

215 1657 288 1693 bus,
306 1658 358 1695 38.
381 1655 513 1686 difflator
534 1662 671 1692 creatur,
689 1664 740 1694 39.
766 1654 953 1684 seditionem
977 1653 1202 1684 rebellantium
1226 1663 1270 1684 mi
1265 1653 1372 1685 litum

216 1700 399 1740 componit,
415 1708 468 1738 40
487 1705 518 1729 et
533 1708 587 1738 41.
609 1705 764 1737 quartum
787 1696 911 1734 consul,
929 1700 960 1734 Ξ,
980 1698 1030 1727 16.
1053 1698 1139 1736 capit
1161 1697 1254 1728 Cales
1269 1697 1373 1727 Auso-

217 1752 312 1779 num,
329 1742 399 1772 ibid.
423 1752 463 1772 ex
479 1741 749 1772 senatusconsulto
764 1741 954 1780 triumphat,
970 1739 1041 1770 ibid.
1060 1741 1210 1777 interrex,
1229 1749 1276 1777 17.
1293 1746 1324 1770 et
1339 1750 1371 1779 9,

221 1794 251 1823 7.
274 1786 407 1815 dietator
422 1785 613 1821 secundum,
635 1793 686 1820 10,
706 1793 735 1823 3.
759 1784 949 1823 triumphat,
969 1791 999 1822 5.
1023 1782 1134 1812 consul
1153 1785 1322 1822 quintum,
1340 1786 1371 1814 6.

219 1829 323 1868 legem
342 1829 399 1858 fert
415 1829 453 1857 de
469 1828 707 1866 provocatione,
727 1827 820 1856 tertio
843 1833 914 1856 turn
941 1826 980 1856 ab
1004 1827 1082 1856 urbe
1104 1827 1234 1856 condita
1257 1826 1371 1864 latam,

218 1870 343 1912 semper
357 1882 375 1902 a
391 1871 513 1902 familia
527 1872 656 1909 eadem,
673 1879 703 1909 9.
726 1869 837 1899 consul
853 1869 992 1906 sextum,
1008 1869 1049 1900 T.
1068 1869 1193 1899 Manlio
1214 1869 1374 1908 suffffius,

224 1925 273 1947 11.

178 1958 227 1990 M.
244 1957 387 1990 Valerius
406 1957 504 1989 Falto,
522 1956 720 1995 quaestorius,
738 1956 769 1985 in
787 1954 897 1985 Asiam
914 1956 953 1985 ad
969 1954 1117 1985 Attalum
1135 1955 1257 1994 legatus
1274 1956 1376 1985 mitti-

221 2009 284 2040 tur,
304 2012 356 2042 29,
377 2010 425 2031 11.
449 1999 549 2030 aedilis
571 1998 705 2035 curulis,
732 2008 784 2037 30,
811 2002 861 2029 26.
885 2006 1009 2028 creatur
1034 2005 1161 2038 praetor,
1176 2005 1207 2028 et
1236 2000 1375 2029 Bruttios

221 2045 424 2086 provinciam
450 2043 588 2079 sortitur,
604 2052 657 2081 40.
675 2049 705 2072 et
721 2052 774 2081 4¹·
797 2043 825 2072 ei
853 2049 1037 2081 prorogatur
1062 2042 1250 2081 imperium,
1279 2049 1315 2072 ut
1339 2042 1371 2072 in

221 2088 402 2118 Sardiniam
419 2087 569 2125 trajiciat,
586 2095 639 2125 31,
656 2087 688 2116 8.

180 2131 229 2162 M.
245 2131 390 2161 Valerius
416 2130 574 2166 Laevinus,
591 2136 718 2168 praetor‚
736 2128 862 2158 sortitur
881 2127 1134 2165 jurisdietionem
1160 2128 1374 2166 peregrinam,

224 2173 275 2204 sed
292 2175 396 2214 postea
416 2172 541 2203 bellurn
564 2172 784 2202 administrare
803 2171 903 2209 juffus
926 2171 982 2207 est,
1000 2180 1051 2208 23,
1071 2179 1122 2209 24.
1140 2179 1190 2208 30.
1210 2179 1260 2208 32.
1279 2178 1329 2209 37.
1345 2178 1378 2202 et

224 2217 275 2256 38.
300 2225 357 2256 pro
372 2223 503 2255 praetore
527 2216 653 2255 praeeffe
673 2215 802 2252 jubetur
823 2223 886 2244 orae
903 2215 1074 2244 maritimae
1090 2213 1128 2243 ad
1147 2213 1378 2253 Brundusium,

226 2269 281 2299 24,
301 2269 350 2290 10.
375 2260 474 2289 mittit
500 2259 546 2288 M.
566 2259 705 2294 Livium,
723 2267 778 2297 qui
793 2258 972 2287 Tarentum
999 2263 1139 2292 tueatur,
1159 2265 1210 2286 20.
1233 2257 1272 2286 ad
1297 2266 1376 2288 eum

224 2302 319 2342 legati
343 2302 384 2332 ab
403 2301 514 2337 Orico,
529 2311 583 2340 40.
605 2300 674 2338 ejus
700 2311 746 2330 res
769 2302 862 2340 gestoe
886 2301 918 2330 in
942 2300 1067 2329 Graecia
1090 2299 1235 2330 adversus
1260 2300 1379 2340 l’hilip-

226 2355 321 2386 pum,
338 2344 410 2374 ibid.
434 2351 600 2384 prorogato
615 2345 750 2383 imperio
768 2344 939 2374 mandatur
966 2344 993 2372 ei
1021 2343 1147 2372 Graecia
1169 2349 1201 2373 et
1223 2343 1378 2373 Macedo-

228 2389 295 2426 nia,
312 2397 366 2428 44.
390 2388 521 2423 iterum,
547 2395 599 2427 25,
626 2396 654 2424 3.
681 2396 726 2416 res
753 2389 859 2425 gestae,
888 2388 940 2422 26,
967 2386 1104 2424 24—26.
1128 2386 1237 2416 consul
1266 2386 1377 2417 absens

226 2438 364 2469 creatur,
395 2440 445 2462 22.
480 2430 567 2461 venit
593 2430 748 2467 Romam,
778 2438 829 2467 27.
860 2429 988 2460 ltaliam
1011 2428 1150 2466 sortitus,
1178 2429 1377 2468 provinciam
