1572 2616
503 176 762 212 rArRJcrAE
798 176 1016 207 Gssxrns.
1307 163 1357 216 87

457 346 827 393 SERVILIA
872 344 1082 389 GENS.

162 551 412 608 TULLUM
434 569 639 609 Hostilium
659 570 782 607 diruta
809 575 848 607 et
872 567 999 607 eversa
1017 567 1131 613 Alba,
1152 580 1241 605 curn
1260 566 1364 604 mul-

164 645 219 676 tas
247 638 335 676 alias
362 645 508 689 gentes,
528 644 612 675 tum
640 638 753 675 etiam
787 637 983 675 Serviliam
1011 637 1173 674 Romam
1201 636 1360 674 transtu-

162 702 255 747 liffe,
274 710 313 740 et
331 703 368 740 in
394 701 566 740 senatum
594 714 637 739 ac
662 702 904 752 patriciorum
931 701 1102 738 ordinem
1129 699 1266 750 legisse,
1294 700 1359 738 Li-

161 769 244 806 vius
262 768 357 806 libro
377 769 512 818 primo,
531 774 571 806 et
592 769 631 805 in
651 767 816 805 secundo
835 768 1114 817 Antiquitatum
1141 767 1357 818 Dionyfius,

162 833 339 871 scribunt.
369 834 512 872 Floruit
530 833 613 871 haec
632 845 723 884 gens
741 833 889 879 Romae,
908 838 952 871 ut
970 846 1054 883 quae
1075 834 1260 872 maxime.
1290 833 1360 871 Fa-

162 898 285 935 milias
313 897 426 934 habet
446 903 606 946 quatuor
631 898 848 946 praecipuas,
905 899 1006 934 Nam
1025 903 1064 934 et
1083 897 1194 934 Prisci
1215 897 1360 934 Servilii

163 968 410 997 numerantur
435 961 482 996 ab
512 960 734 1005 auetoribus,
754 962 818 1010 qui
849 961 992 998 Axilias
1019 967 1058 998 et
1085 960 1224 998 Ahalas
1252 973 1358 997 com-

161 1024 403 1074 plefimntur:
433 1031 472 1061 et
491 1024 705 1073 Caepiones,
725 1031 764 1062 et
791 1025 914 1063 Vatiae
941 1037 1108 1074 quoque,
1129 1031 1168 1061 et
1188 1025 1357 1063 Gemini.

165 1089 321 1138 Legitur
339 1088 528 1138 inscriptio
556 1090 593 1125 in
622 1089 901 1138 antiquitatibus
927 1089 1202 1127 Veronensibus
1222 1101 1357 1140 peran-

163 1153 275 1202 tiqua,
304 1158 348 1189 ut
376 1152 470 1189 mihi
499 1153 655 1202 quidem
686 1153 847 1198 videtur,
868 1166 953 1204 quae
981 1153 1082 1192 haud
1100 1152 1176 1191 scio
1203 1165 1252 1190 an
1279 1152 1356 1191 hue

161 1214 291 1253 referri
310 1215 457 1254 debeat.
513 1217 577 1254 Est
595 1223 724 1255 autern
740 1216 822 1255 haec
839 1232 847 1256 ε

269 1356 307 1381 C.
331 1357 526 1383 SERVILIO
559 1358 751 1384 CAEPIONI
777 1358 874 1385 CON.
898 1358 993 1384 CEN.
1015 1358 1067 1383 ΒΤ
1085 1358 1245 1384 TRIUM-

269 1421 412 1446 PHALI.
449 1422 618 1448 PATRIAE
654 1424 793 1449 LIBER·
835 1423 992 1449 DECUR.
1032 1423 1242 1449 VERONEN‹

266 1484 331 1509 ΟΒ.
355 1487 448 1512 JUD.
473 1487 724 1514 RSSTITUTA-
747 1488 790 1514 M.
812 1487 844 1514 S·
