1572 2616
205 128 260 173 82
557 144 722 173 mnnx
757 145 812 174 IN
847 145 893 173 τ.
919 144 1051 174 mvn

211 221 380 262 Epicydes,
397 221 507 253 missus
531 223 572 254 ab
595 224 757 255 Annibale
783 233 860 255 cum
883 224 1080 264 Hippocrate
1102 225 1193 256 fratre
1215 224 1337 265 legatus
1357 224 1398 256 ad

253 264 506 306 Hieronymum,
526 276 579 307 24,
598 269 629 298 6.
645 274 673 296 et
691 277 740 306 23.
766 268 924 309 Syracufis
941 276 1088 308 praetores
1108 269 1207 298 ambo
1233 274 1394 305 creantur,

254 315 305 345 27.
329 309 453 339 bellum
482 311 564 340 inter
591 311 802 351 Syracusanos
826 318 857 341 et
881 311 1045 341 Romanos
1061 312 1222 342 concitare
1239 312 1398 348 nituntur,

257 361 308 389 29.
339 352 575 391 Syracusanum
604 355 783 384 exercitum
812 354 868 384 fibi
895 354 1084 391 conciliant,
1104 365 1154 393 30.
1171 362 1199 384 et
1215 364 1266 394 31.
1298 362 1398 384 oceu-

255 402 335 434 pant
356 395 533 435 Syracusas²
553 405 603 434 32.
629 397 786 427 Romanis
801 397 931 437 superbe
946 397 1144 437 respondent,
1163 407 1213 436 33.
1243 397 1400 438 Epicydes

255 439 365 477 praeest
376 440 525 470 custodiae
539 440 636 477 urbis,
649 450 666 470 a
679 441 833 470 Romanis
845 440 983 477 obsessae,
994 448 1044 480 35.
1057 441 1209 480 relinquit
1217 440 1396 481 Syracusas,

256 491 375 520 magna
388 482 456 519 jam
473 492 513 512 ex
530 489 617 521 parte
633 491 821 523 captas,z5,
837 491 886 520 27.
904 484 1019 520 trajicit
1035 485 1067 513 in
1083 484 1239 518 Africam,
1256 486 1308 520 26,
1324 492 1375 523 40.
1400 520 1405 523 Χ

213 524 383 563 Epicydes,
402 526 453 555 cui
471 527 593 555 Sindon
615 536 811 566 cognomen,
834 527 999 567 praefefi'tus
1020 526 1148 557 alterius
1173 527 1334 567 Epicydis,
1351 526 1399 556 in-

258 568 412 597 terficitur
429 569 602 608 SyracufiS‚
618 579 671 609 25,
690 571 740 601 28.

214 610 404 649 Epidaurus,
424 612 497 641 urbs
509 611 624 642 nobilis
639 613 762 653 templo
778 612 967 652 AEsculapii,
987 622 1039 650 10,
1053 620 1106 652 47.
1128 620 1184 652 45,
1203 611 1254 643 28.

213 653 344 692 Epidius
364 654 532 691 Marullus,
548 655 632 694 Epit.
652 657 723 686 116.

214 696 370 735 Epipsiae,
389 697 479 727 locus
495 698 667 737 Syracusis,
686 705 739 738 25,
756 709 807 738 24.

213 739 363 779 Epirotae.
383 740 447 770 vid.
469 741 662 779 Alexander,
679 749 707 771 et
722 742 868 782 Pyrrhus.
883 741 922 771 de
943 741 1112 771 communi
1131 750 1209 780 pace
1224 739 1344 779 legatos
1359 739 1399 769 ad

257 783 445 822 Philippum
471 786 619 821 mittunt,
647 794 699 823 29,
722 794 770 815 12.
794 794 812 814 a
834 785 980 823 Philippo
1005 785 1148 824 adscripti
1174 784 1296 818 foederi,
1319 792 1398 812 eum

256 825 413 856 Romanis
431 827 523 861 inito,
542 827 612 858 ibid.
637 834 761 857 tentant
782 837 895 867 pacem
924 827 1108 866 Philippum
1136 827 1216 856 inter
1231 833 1261 856 et
1279 826 1400 855 Roma-

255 877 316 899 nos
332 870 453 899 frustra.
472 880 524 908 32,
547 880 595 900 10.
620 881 685 901 non
702 877 835 900 manent
852 870 971 900 sincera
994 870 1055 900 fide
1072 871 1102 900 in
1120 870 1265 899 amicitia
1280 868 1399 899 Roma-

258 922 390 948 norum,
409 914 462 951 36,
481 923 532 952 35.
555 923 666 944 eorum
694 914 786 953 legati
815 914 854 943 ad
879 913 938 943 M'.
955 913 1098 943 Acilium
1123 912 1302 949 consulem,
1326 910 1398 942 ibid.

258 956 433 985 mittuntur
461 956 614 994 Romam,
631 957 702 986 ibid.
729 957 926 996 septuaginta
948 965 1059 986 eorum
1076 956 1168 986 urbes
1184 965 1202 985 a
1218 955 1328 985 Paullo
1339 954 1401 985 AE·

258 998 351 1028 milio
368 999 552 1039 diripiendae
567 1001 682 1030 dantur
698 1000 868 1037 militibus,
885 1006 938 1040 45.
954 1009 1006 1039 34.

214 1041 342 1081 Epirus,
361 1043 392 1078 8,
408 1053 457 1082 24.
483 1052 535 1081 29,
557 1053 605 1074 12.
630 1053 682 1083 31,
702 1051 729 1081 7.
744 1050 772 1073 et
789 1044 837 1073 18.

215 1084 302 1124 Epiri
319 1085 440 1122 fauces,
457 1095 509 1124 32,
531 1087 578 1116 16.

215 1142 258 1151 -—
274 1135 415 1164 montes,
433 1138 486 1167 32,
503 1139 551 1167 ¹3·

217 1171 451 1212 EposognatuS,
467 1172 592 1211 regulus
609 1171 791 1209 Gallorum,
811 1173 863 1210 38,
885 1173 934 1202 18.

214 1213 380 1253 Epulones
400 1215 558 1244 triumviri
576 1215 705 1253 quando
721 1215 863 1254 primum
878 1214 988 1249 creati,
1007 1223 1059 1252 33,
1074 1223 1126 1252 42.
1152 1213 1202 1249 iis,
1219 1218 1253 1242 ut
1270 1211 1401 1251 pontifi-

259 1257 363 1293 cibus,
376 1258 487 1287 datum
502 1257 555 1295 jus
572 1265 653 1296 togae
667 1264 829 1297 praetextae
842 1257 1011 1293 habendae,
1025 1256 1094 1286 ibid.
1112 1256 1178 1286 vid.
1196 1263 1224 1285 et
1239 1265 1293 1295 40,
1310 1265 1364 1295 42.

218 1300 362 1340 Epulum
378 1301 466 1331 Jovis
482 1301 632 1331 ludorum
649 1301 765 1339 caussa,
785 1311 838 1341 25,
856 1310 886 1332 2.
911 1308 964 1338 27,
983 1301 1033 1339 36.
1057 1310 1110 1340 29,
1129 1301 1180 1338 38.
1206 1307 1260 1338 30,
1276 1307 1327 1338 39.
1345 1307 1399 1336 31,

261 1352 293 1382 4·
312 1353 365 1382 32,
384 1351 412 1380 7·

218 1386 427 1417 -ludorum
443 1387 560 1425 cauffa,
579 1397 632 1426 33,
648 1397 701 1427 42.

216 1445 259 1453 —
276 1430 308 1459 in
326 1440 391 1469 quo
405 1437 472 1460 toto
487 1431 553 1461 foro
570 1432 660 1461 strata
676 1430 826 1467 triclinia,
846 1440 899 1471 39,
915 1430 971 1470 46.

220 1473 332 1512 Epulae
343 1474 500 1504 instrufilae
511 1474 624 1504 Romae
637 1481 711 1503 ante
726 1475 878 1504 omnium
893 1473 1020 1509 domoS,
1035 1481 1068 1511 3,
1087 1481 1138 1510 29.
1154 1469 1220 1500 vid.
1237 1476 1265 1499 et
1281 1477 1334 1510 25,
1349 1479 1399 1500 12.

217 1532 262 1539 —
277 1515 420 1546 similiter
433 1523 463 1546 et.
479 1517 664 1552 Beneventi,
683 1527 735 1556 24,
756 1518 805 1547 16.

217 1575 263 1583 —
276 1560 408 1598 quando
422 1560 565 1599 primum
579 1559 693 1589 Romae
709 1568 828 1598 magno
843 1558 922 1588 luxu
939 1563 1109 1598 apparatae,
1127 1565 1179 1595 39,
1199 1557 1229 1586 6.

217 1602 381 1641 Equestria
396 1602 507 1640 spolia,
526 1603 556 1639 8,
576 1610 605 1639 7.

218 1645 377 1684 Equestris
391 1645 539 1675 Fortunae
557 1644 768 1684 magnificum
785 1643 962 1684 templum,
978 1653 1033 1683 40,
1048 1653 1101 1682 40.
1125 1652 1180 1681 42,
1198 1651 1227 1680 3.

219 1688 377 1728 Equestris
393 1689 505 1724 statua,
523 1699 556 1727 9,
573 1697 624 1727 43.
638 1687 704 1717 vid.
721 1687 843 1717 Statua.

218 1731 389 1771 Equitatus
404 1731 572 1761 Annibalis
589 1730 702 1761 melior
714 1731 858 1769 equitatu
873 1729 1109 1763 Romanorum,
1127 1737 1179 1763 21,
1193 1734 1247 1766 47.

218 1791 262 1799 -
277 1776 345 1814 post
360 1775 505 1804 amissam
522 1774 622 1811 alam,
639 1783 712 1813 quae
728 1773 863 1813 Salapiae
882 1779 959 1810 erat,
978 1780 1160 1811 numquam
1177 1769 1290 1800 deinde
1312 1769 1405 1810 supe·

266 1819 339 1854 rior,
357 1819 406 1851 26,
446 1819 473 1848 8.

219 1876 262 1885 --
278 1829 464 1891 AEtoloru‘i'n
479 1860 573 1898 longe
586 1860 728 1899 optimus
745 1860 776 1889 in
795 1859 930 1895 Graecia,
946 1866 998 1896 33,
1014 1865 1044 1895 7.

220 1920 264 1928 -·—
279 1903 498 1933 Numidarum
515 1903 700 1942 descriptus,
720 1910 772 1941 35,
794 1912 842 1932 11.

221 1945 513 1980 =—'l*hefl”alorum,
537 1956 567 1985 9,
589 1955 637 1985 19.

221 1990 364 2029 Equites,
386 1989 452 2019 vid.
475 1989 637 2018 Centuriae
654 1988 819 2027 Equitum.
835 1997 852 2017 e
877 1986 1007 2026 publico
1026 1986 1062 2015 iis
1083 1985 1160 2015 emti
1178 1984 1298 2022 altique
1314 1983 1402 2022 equi,

269 2043 299 2069 1,
316 2041 369 2072 45.
386 2032 503 2070 quibus
519 2031 630 2060 census
647 2032 786 2070 equester
801 2036 878 2066 erat,
892 2039 993 2068 equus
1010 2028 1157 2068 publicus
1175 2027 1321 2056 nondum
1337 2033 1404 2056 erat

264 2075 448 2114 affignatus,
464 2075 555 2113 equis
571 2074 631 2103 suis
651 2083 769 2104 merere
793 2072 966 2111 incipiunt,
988 2079 1020 2111 5,
1043 2079 1070 2107 7.
1095 2070 1131 2100 iis
1147 2070 1340 2108 stipendium
1357 2069 1405 2098 as-

266 2118 440 2157 signatum,
453 2117 524 2147 ibid.
547 2116 673 2155 triplex,
695 2126 743 2146 12.
768 2116 948 2145 institutum
965 2124 983 2143 a
1000 2113 1096 2144 Fabio
1114 2112 1210 2141 Rullo
1221 2112 1358 2144 censore,
1371 2117 1406 2142 ut

269 2161 380 2192 Idibus
403 2159 602 2191 Quintilibus
626 2158 910 2194 transveherentur,
927 2168 959 2197 9,
975 2158 1029 2196 46.
1052 2157 1172 2195 gestant
1193 2154 1332 2185 annulos
1349 2164 1408 2184 au-

267 2214 348 2238 reos,
367 2214 419 2242 23,
443 2213 489 2235 12.
514 2202 671 2242 principes
690 2201 882 2238 juventutis,
897 2200 1103 2229 seminarium
1124 2198 1262 2234 senatus,
1279 2208 1334 2236 42,
1351 2197 1405 2228 61.

312 2247 493 2286 Equffibus,
511 2244 698 2284 ignominiae
722 2243 839 2279 cauffa,
856 2243 974 2274 ademti
1002 2252 1020 2273 a
1045 2241 1226 2273 censoribus
1250 2241 1323 2280 equi
1346 2249 1406 2280 pu-

267 2290 356 2326 blici,
375 2299 427 2329 24,
449 2291 497 2320 18·
523 2296 575 2325 27,
599 2296 645 2316 ¹¹-
672 2296 724 2326 29,
743 2293 794 2325 37·
818 2295 872 2326 3-92
887 2296 942 2326 44·

226 2334 356 2373 Equites
373 2333 473 2369 alarii,
493 2338 544 2370 35,
564 2337 592 2370 5.
619 2339 674 2368 40,
691 2339 746 2369 40.

226 2393 267 2402 ν-
284 2375 535 2412 extraordinarii,
551 2383 605 2413 42,
621 2373 673 2414 58.
