1572 2616
440 144 810 178 HISTORIARUM
850 148 1054 178 LIBROS.
1285 148 1336 190 91

151 227 285 266 Fauces,
301 237 373 268 quae
385 230 491 260 ferunt
503 230 537 260 in
552 230 690 269 Tempe,
710 238 762 268 33,
784 239 834 268 13.
868 227 872 231 ’

153 272 270 301 Faucia
285 272 384 310 curia,
402 282 434 311 9,
453 274 506 312 38.

150 314 293 344 Faucula
308 314 433 353 Cluvia,
449 315 515 346 vid.
529 315 655 346 Cluvia.

151 358 252 387 Fauni
266 358 362 396 aedes,
378 359 461 389 saeta
483 360 515 388 in
538 358 646 388 Insula
668 367 707 388 ex
731 357 869 398 pecunia
890 357 1084 394 multaticia,
1107 366 1158 396 33,
1175 366 1229 397 42.
1253 357 1342 387 dedi-

193 407 276 437 cata,
296 410 348 439 34,
367 409 419 442 53.

149 442 314 481 Faventia,
332 444 416 484 Epit.
434 446 487 475 88.

149 486 291 523 Faveria,
309 488 465 527 oppidum
482 487 588 521 Istriae,
604 487 634 517 vi
652 487 777 527 capitur
792 497 810 517 a
825 486 995 524 Romanis,
1011 496 1066 527 41,
1087 495 1136 527 15.

149 528 281 559 Favonii
298 532 398 567 venti,
415 538 467 568 37,
487 541 537 570 23.

148 572 330 609 Faustulus,
346 575 421 613 regii
439 575 559 613 pecoris
583 574 743 612 magister,
760 573 891 604 Romuli
909 580 939 604 et
955 573 1048 603 Remi
1069 572 1203 603 servator
1218 578 1249 602 et
1264 572 1343 602 edu-

190 622 290 652 cator,
313 625 340 653 1,
357 626 386 655 4.
404 624 435 646 et
475 639 482 647 .

149 658 293 695 Faustus,
311 660 409 690 Sullae
425 626 522 696 filSius,
539 660 604 690 vid.
622 659 800 690 Cornelius.

147 702 214 731 Fax
231 703 341 741 ingens
357 703 427 733 arsit
446 704 477 733 in
491 703 584 734 coelo.
601 703 666 733 vid.
683 703 878 741 Prodigium.

147 744 282 774 Facibus
299 746 482 776 ardentibus
497 754 621 776 armata
634 746 822 782 multitude,
835 756 869 785 4,
887 755 939 784 33.

146 788 282 818 Facibus
308 789 492 819 ardentibus
518 790 738 829 anguibusque
764 788 902 828 praelatis
926 787 1102 818 sacerdotes
1126 785 1342 826 Tarquinien-

190 830 272 861 fium
288 832 425 862 militem
443 833 633 863 Romanum
645 838 776 868 terrent,
794 839 825 869 7,
846 841 856 861 1
867 840 894 868 7.

146 873 326 905 Februariae
342 875 509 912 Kalendae,
527 884 580 915 37,
599 877 650 915 58.

148 917 284 947 Fecenia
301 918 445 957 Hispala,
459 919 524 949 vid.
543 918 684 959 Hispala.

148 960 323 990 Fecialium
341 963 536 992 caerimoniae
561 963 593 992 in
617 961 794 992 sanciendis
809 959 992 997 foederibus,
1014 969 1042 997 1,
1061 968 1112 998 24.
1137 968 1169 997 9,
1187 965 1216 998 5.
1241 959 1275 988 in
1291 958 1344 989 in-

190 1003 327 1033 dicendo
343 1004 440 1041 bello,
460 1015 489 1042 1,
506 1015 557 1044 32.

147 1046 288 1077 Feciales
304 1048 479 1078 mittuntur
494 1048 533 1078 ad
550 1057 596 1078 res
613 1046 810 1087 repetendas,
825 1057 860 1086 4,
879 1057 930 1085 30.
956 1053 987 1083 7,
1006 1046 1035 1076 6.
1057 1054 1086 1084 9.
1109 1045 1158 1075 16.
1181 1050 1212 1074 et
1237 1054 1289 1083 32.
1306 1045 1341 1083 8,

191 1099 242 1121 22.
266 1100 298 1130 9,
316 1099 370 1130 45.
390 1100 441 1127 10,
464 1101 512 1122 12.

145 1133 355 1171 —jubentur
370 1135 410 1163 ire
425 1134 464 1163 ad
481 1134 584 1163 foedus
600 1133 794 1169 feriendum,
812 1142 865 1171 30,
883 1142 936 1171 43.

146 1175 324 1206 Fecialium
341 1176 514 1216 collegium
538 1177 722 1207 consultum
747 1176 785 1206 de
809 1177 929 1206 ratione
952 1174 1113 1205 indicendi
1129 1173 1219 1211 belli,
1238 1182 1291 1212 31,
1310 1172 1342 1204 8.

147 1261 282 1298 Felsina,
299 1262 469 1301 oppidum,
485 1271 537 1301 33,
554 1271 606 1300 37.

146 1304 316 1334 Fenefitani
331 1307 452 1345 campi,
470 1307 502 1342 8,
526 1314 572 1337 12.

146 1346 280 1384 Feralia,
299 1355 353 1387 35,
372 1356 400 1385 7.

145 1390 323 1420 Ferentinae
340 1391 446 1427 lucus,
468 1400 497 1427 1,
514 1397 565 1430 50.
588 1397 620 1420 et
644 1399 696 1431 52.
723 1397 753 1427 7,
771 1399 823 1430 25.
855 1389 1024 1421 Ferentina
1045 1398 1141 1428 aqua,
1161 1398 1190 1426 1,
1208 1397 1260 1429 5¹·
1285 1387 1342 1418 Fe.

190 1434 355 1463 rentinum
369 1440 478 1472 caput,
496 1443 527 1470 2,
544 1434 595 1472 38.

148 1475 367 1509 Ferentinum,
384 1477 554 1515 oppidum,
570 1486 604 1515 4,
622 1484 675 1516 5¹·
691 1482 721 1505 et
737 1476 789 1506 61.
808 1482 839 1511 7,
858 1485 888 1514 9.
904 1474 971 1506 vid.
985 1481 1012 1504 et
1031 1484 1081 1511 ιο,
1101 1484 1153 1514 34.
1172 1483 1225 1513 32,
1244 1483 1275 1504 2.

147 1518 340 1549 Ferentinati
358 1518 478 1558 populo
494 1519 557 1549 suae
573 1519 656 1558 leges
672 1519 814 1556 redditae,
831 1527 863 1556 9,
879 1527 933 1556 43.
950 1518 1017 1548 vid.
1032 1525 1059 1547 e!
1075 1527 1126 1557 34,
1142 1527 1197 1556 42.

147 1561 410 1601 Ferentum,five
427 1562 602 1592 Forentum
618 1562 788 1602 oppidum,
807 1570 839 1600 9,
858 1570 910 1592 20.
935 1561 1115 1598 Ferentani,
1127 1560 1201 1601 five
1223 1560 1344 1590 Foren-

188 1605 254 1634 tani
272 1605 458 1641 vincuntur,
478 1606 527 1635 16.

147 1646 302 1677 Feretrius
313 1648 449 1687 Jupiter,
465 1647 532 1677 vid.
546 1647 681 1686 Jupiter.

146 1689 244 1720 Feriae
258 1699 312 1729 per
327 1700 444 1720 novem
461 1691 526 1720 dies
542 1689 634 1727 aetna,
650 1690 736 1729 quod
750 1688 908 1729 lapidibus
923 1688 1061 1728 pluisset,
1082 1698 1107 1722 1,
1126 1699 1178 1728 31.

146 1748 191 1755 —
206 1742 260 1771 per
277 1733 433 1770 triduum,
452 1743 483 1772 3,
504 1742 532 1773 5.

148 1774 310 1805 Feriarum
327 1776 621 1806 constituendarum
636 1774 741 1805 caufl'a
755 1773 887 1804 diEtator
902 1781 1039 1811 creatus,
1056 1782 1086 1811 7,
1101 1775 1154 1805 28.

149 1817 246 1848 Feriae
264 1819 398 1856 Latinae,
418 1826 449 1859 5,
474 1826 519 1855 17.
533 1826 564 1848 et
583 1828 631 1858 19.
649 1827 705 1853 21,
722 1819 772 1856 63.
800 1827 853 1852 22,
874 1826 901 1846 1.
927 1827 981 1856 32,
1001 1827 1028 1847 1.

148 1876 191 1883 --
207 1861 249 1890 ob
265 1867 354 1890 terrae
371 1868 497 1892 motum
512 1871 566 1900 per
579 1862 644 1891 dies
660 1860 988 1899 duodequadraginta,
1006 1867 1059 1899 35,
1072 1869 1126 1899 40.

144 1919 189 1926 —
205 1903 395 1934 valetudinis
412 1903 521 1944 populi
536 1904 640 1934 caussa
657 1903 797 1938 indifilae,
814 1912 868 1941 42.
886 1912 915 1933 2.

147 1946 289 1977 Feroniae
307 1947 434 1983 fanum,
456 1956 484 1983 1,
502 1955 553 1985 30.
570 1946 664 1976 lucus
683 1952 714 1976 et
738 1946 914 1984 templum,
933 1945 986 1982 26,
1008 1955 1056 1976 11.
1082 1953 1135 1983 27,
1152 1954 1184 1984 4.
1207 1943 1291 1975 aedes
1307 1943 1341 1974 in

191 1988 366 2029 Capenate,
387 1999 440 2028 33,
458 1990 510 2020 26.

148 2032 290 2063 Feroniae
307 2033 430 2062 donum
445 2043 463 2062 a
480 2031 634 2062 libertinis
651 2030 839 2061 mulieribus
851 2030 978 2068 datum,
996 2040 1048 2068 22,
1068 2041 1095 2062 1.

149 2074 295 2105 Ferratiae
310 2083 340 2105 et
354 2076 537 2114 argentariae
551 2076 583 2104 in
602 2074 769 2114 Hispania,
787 2083 838 2113 34,
857 2083 908 2104 21.

149 2117 363 2148 Fescenninus
379 2119 495 2155 versus,
515 2126 544 2155 7,
563 2129 592 2149 2.

149 2160 276 2190 Festum
293 2161 406 2191 Dianae
425 2171 477 2200 per
494 2162 637 2191 triduum
653 2159 823 2200 Syracusis,
843 2169 896 2200 25,
915 2169 966 2198 23.

150 2202 270 2232 Fibulis
286 2204 393 2234 donati
411 2205 546 2244 equites,
563 2213 615 2244 39,
634 2213 686 2242 3¹·

151 2246 269 2275 Ficana
285 2253 378 2286 capta
393 2247 432 2277 ab
449 2249 555 2283 Anco,
573 2254 604 2276 et
621 2246 694 2276 inde
710 2246 795 2275 cives
810 2244 942 2275 traduffi
962 2244 1115 2281 Romam,
1136 2253 1165 2281 1,
1183 2252 1234 2282 33.

150 2288 302 2319 Ficulnea
317 2296 406 2319 vetus
421 2299 439 2320 a
452 2290 628 2329 Tarquinio
642 2289 744 2319 Prisco
760 2295 866 2327 capta,
883 2297 912 2325 1,
932 2289 983 2326 38.

149 2330 345 2363 Ficulnenfis
360 2333 424 2370 via,
440 2342 513 2373 quae
530 2333 635 2373 postea
650 2332 868 2364 Nomentana.
888 2340 918 2370 3,
934 2338 986 2370 52.
