1572 2616
465 131 699 162 PLEBEIAE
735 128 953 158 GEN'rEs.
1228 122 1308 168 133

433 373 755 419 CAECILIA
798 370 997 416 GENS.

121 636 336 694 VARIAS
364 661 404 692 et
431 654 591 693 diversas
618 653 726 692 fuisse
752 659 926 691 veterum
943 651 990 690 de
1009 651 1172 690 Caeciliae
1197 652 1318 702 gentis

120 723 266 773 origine
284 722 493 772 opiniones,
514 720 612 759 testis
629 721 684 758 est
703 721 799 758 libro
819 720 930 757 tertio
959 719 1084 756 Festus
1105 719 1319 769 Pompeius.

124 787 230 825 Nam
249 787 310 824 alii
329 799 350 824 a
369 786 540 831 Caeculo,
558 788 622 836 qui
651 786 833 823 Praeneste
860 785 1042 829 condidit,
1072 791 1172 822 ortos
1200 785 1322 823 Caeci-

123 851 207 895 lios,
225 851 286 888 alii
307 864 396 889 vero
415 864 436 889 a
455 851 615 889 Caecade
633 849 799 900 Trojano
816 850 956 888 AEneae
972 851 1112 887 comite
1131 850 1180 888 fic
1199 851 1322 888 nomi-

125 922 231 954 natos
249 917 516 953 existimarunt.
570 916 742 953 Tertiam
760 915 837 965 ipse
854 927 1006 964 quoque
1028 916 1225 965 Pompeius
1253 928 1323 953 no-

125 982 237 1019 minis
266 973 452 1019 rationem
483 979 640 1030 affingit,
673 981 737 1030 qui
769 993 790 1017 a
818 980 957 1017 caculis
984 979 1162 1018 deducit:
1194 980 1325 1018 cacula

126 1052 255 1083 autem
284 1045 410 1082 servus
440 1045 569 1082 militis
598 1045 759 1082 dicitur:
790 1045 894 1082 unde
920 1044 1014 1081 illud
1042 1044 1174 1088 Plauti,
1199 1045 1326 1083 Video

125 1110 298 1147 caculam
314 1110 529 1147 militarem.
578 1109 696 1148 Quod
715 1110 738 1146 fi
760 1122 893 1146 verum
916 1109 982 1154 est,
1004 1108 1080 1146 fine
1099 1109 1327 1160 diphthongi

129 1181 218 1211 nota
246 1174 420 1216 Cecilios,
441 1186 533 1210 cum
558 1174 804 1211 eruditiflimo
830 1174 1075 1222 acerrimique
1095 1173 1228 1224 judicii
1247 1175 1329 1212 viro

128 1239 214 1275 Seb.
233 1237 412 1282 Coi-rado,
434 1236 647 1274 scribendos
675 1238 949 1274 existimarem:
982 1250 1110 1287 neque
1124 1246 1251 1276 tamen
1271 1239 1328 1277 his

128 1303 166 1338 in
187 1303 297 1338 rebus
317 1301 477 1338 nimium
496 1302 639 1345 laboro,
660 1303 795 1350 quibus
816 1303 1042 1351 plerumque
1062 1302 1180 1340 fidem
1198 1310 1238 1340 et
1258 1315 1326 1341 au-

128 1366 339 1403 &oritate-m
364 1365 562 1413 antiquitas
581 1365 759 1414 derogare
787 1365 948 1403 videtur.
1006 1367 1181 1416 Princeps
1201 1373 1239 1405 et
1258 1380 1324 1417 pa-

131 1442 216 1466 rens
237 1429 350 1477 hujus
368 1430 488 1479 gentis
509 1430 552 1465 L.
575 1429 762 1474 Caecilius,
783 1431 928 1478 opinor,
949 1431 1013 1474 est,
1033 1431 1098 1479 qui
1123 1444 1212 1469 cum
1239 1433 1327 1470 'Ser-

132 1494 222 1530 vilio
250 1493 380 1530 consul
414 1494 500 1536 fuit,
529 1501 571 1529 ¹et
598 1499 735 1542 praetor
765 1505 786 1530 a
811 1494 930 1531 Gallis
956 1490 1031 1531 una
1050 1507 1140 1532 curn
1159 1497 1328 1534 exercitu

132 1557 323 1607 opprefl'us
343 1557 406 1593 est.
465 1557 594 1594 Nemo
613 1559 716 1594 enim
737 1558 783 1594 de
802 1559 960 1595 Caeciliis
979 1567 1065 1596 ante
1086 1560 1187 1598 hunc
1208 1561 1329 1611 (quod

132 1622 288 1671 quidem
307 1630 478 1658 veterum
509 1622 698 1659 annalium
719 1630 966 1661 monumenta
986 1624 1192 1673 declarent)
1216 1638 1328 1663 curu-

134 1686 211 1722 lem
244 1686 497 1735 magistratum
528 1686 642 1735 geflit.
702 1687 847 1724 Verum
881 1687 918 1724 hi
949 1688 984 1723 in
1018 1695 1164 1726 tantum
1192 1690 1329 1728 deinde

136 1750 309 1786 maximis
328 1749 629 1798 amplissimisque
650 1750 858 1787 honoribus
878 1752 971 1789 ancli
993 1752 1092 1796 sunt,
1110 1760 1152 1790 ut
1173 1755 1329 1792 Naevius

137 1812 257 1861 poeta,
279 1812 355 1848 fato
374 1813 556 1849 Metellos
584 1813 665 1849 fieri
695 1814 865 1851 consules
895 1816 1017 1851 dicere
1047 1828 1122 1852 non
1139 1817 1328 1864 dubitarit,

139 1881 177 1910 ut
206 1874 258 1910 est
286 1875 384 1923 apud
408 1876 637 1912 Paedianum.
699 1877 787 1914 Qua
807 1877 854 1914 de
876 1889 913 1914 re
935 1877 981 1914 fic
1003 1879 1213 1916 paterculus
1233 1881 1330 1919 libro

135 1940 298 1976 secundo
327 1939 464 1983 scribit,
499 1941 553 1977 Ut
588 1941 714 1989 paullo
747 1949 832 1977 ante
863 1942 1042 1979 Domitiae
1077 1944 1243 1990 familiae,
1280 1947 1331 1983 ita

138 2004 304 2041 Caeciliae
337 2004 497 2040 notanda
528 2004 710 2041 claritudo
741 2005 804 2045 est.
836 2007 975 2055 quippe
1009 2008 1102 2043 intra
1133 2014 1180 2045 12
1212 2009 1332 2048 ferme

140 2083 255 2106 annos
276 2070 388 2118 hujus
409 2072 588 2119 temporis
616 2083 707 2107 coss.
731 2071 836 2107 fuere
865 2072 1029 2115 Metelli,
1057 2080 1120 2109 aut
1147 2075 1331 2122 censores,

79 2140 89 2154 ‘
139 2141 202 2168 aut
224 2133 497 2181 triumpharunt
528 2134 687 2183 amplius
712 2141 783 2171 12:
817 2144 858 2172 ut
886 2144 1059 2184 appareat
1085 2139 1332 2184 quemadmo-

139 2199 232 2235 dum
262 2199 414 2234 urbium
446 2199 778 2248 imperiorumque,
798 2201 846 2236 ita
878 2202 1046 2250 gentium
1072 2213 1172 2239 nunc
1201 2203 1333 2242 florere

140 2260 344 2304 fortunam,
367 2272 466 2296 nunc
496 2260 700 2305 senescere,
723 2275 822 2299 nunc
852 2265 1011 2300 interire.
1068 2265 1219 2303 Metelli
1246 2280 1336 2305 vero

141 2337 161 2361 a
182 2324 356 2367 metellis,
373 2326 435 2373 qui
457 2325 493 2360 in
514 2325 597 2375 lege
615 2325 763 2363 militari
786 2328 960 2365 dicuntur
979 2329 1078 2377 quasi
1099 2334 1333 2378 mercenarii,

197 2388 306 2428 Vor..
327 2389 376 2425 V.
711 2390 747 2427 T
