1572 2616
440 172 810 206 HISTORIARUM
846 172 1050 204 LIBROS.
1252 173 1339 220 27¹3

185 255 293 294 vilius,
306 256 488 297 quaestores,
504 255 590 296 quod
612 254 727 285 falsum
743 264 799 295 pro
815 253 997 285 testimonio
1013 252 1150 292 dixiffet,
1167 264 1219 295 24.
1241 255 1335 288 dam..

185 307 280 330 natus
295 307 327 330 et
343 301 375 330 in
391 300 539 330 exsilium
556 300 599 329 ire
610 297 723 336 jussus,
741 309 792 339 29.

137 340 361 379 Volfinienses,
378 343 428 373 vel
444 342 590 380 Volsinii,
607 351 684 381 gens
704 341 846 378 Etrusca,
863 340 1025 371 incursant
1046 349 1136 380 agros
1152 340 1332 380 Romanos,

180 391 214 425 5,
233 395 281 424 31.
306 387 492 420 vincuntur,
516 396 567 425 32.
592 386 630 415 iis
655 384 793 415 induciae
818 385 854 415 in
876 384 989 423 viginti
1015 393 1118 415 annos
1141 384 1235 420 datae‚
1257 384 1332 417 ibid.

178 429 265 468 apud
280 428 437 460 Volsinios
450 429 533 460 clavi
546 430 631 459 fuere
644 425 765 458 indices
785 437 960 465 annorum,
977 426 1034 457 fixi
1051 428 1085 457 in
1110 427 1232 467 templo
1246 428 1331 458 Nor-

178 471 244 508 tiae,
262 471 400 502 Etruseae
423 473 515 511 Deae,
531 480 564 511 7,
581 481 611 511 3.
634 470 883 502 Volsiniensium
904 469 1028 510 aliquot
1049 469 1176 500 castella
1190 471 1220 500 vi
1243 471 1332 512 capit

177 513 212 544 P.
227 514 362 551 Decius,
384 515 509 553 consul,
526 525 559 554 9,
575 524 630 556 41.
651 523 764 545 eorum
787 523 860 554 ager
881 514 1019 544 vastatur
1040 513 1080 544 ab
1102 513 1138 544 L.
1154 512 1330 551 Postumio,

177 557 322 595 consule,
342 567 393 595 xo,
407 567 460 597 37.

133 597 280 636 Volsinii,
296 600 384 638 urbs,
405 611 455 638 ιο,
474 608 527 640 37.
552 608 603 638 27,
621 610 673 639 23.

132 641 321 674 Voltumnae
336 644 463 682 fanum,
480 654 514 683 4,
535 654 585 683 23.
611 651 642 684 5,
664 651 712 680 17.
736 642 776 672 ad
800 642 987 673 Voltumnae
1010 642 1124 673 fanum
1147 641 1330 673 concilium

175 686 267 715 omni
286 686 417 716 Etruriae
434 686 606 724 indietum‚
622 697 657 725 4,
676 695 726 725 23.
752 693 805 726 25,
822 689 874 717 61.
890 692 921 716 et
938 692 970 725 5,
991 693 1041 722 17.
1065 685 1101 715 fit
1117 684 1161 714 ibi
1177 684 1329 723 conjura-

173 728 219 757 tio
234 729 379 760 adversus
396 729 573 765 Romanos,
592 732 624 766 6,
642 740 672 760 2.

130 769 285 801 Volucres
300 772 534 811 supervolantes
550 772 590 802 ad
606 779 721 802 terram
745 771 887 810 delapsas
910 770 1052 801 clamore
1076 770 1234 809 militum,
1252 771 1326 801 Coe-

173 812 236 843 lius
252 814 308 850 ait,
327 824 380 854 29,
400 823 450 855 25.

130 853 320 893 Volumnia,
336 867 419 888 uxor
433 857 611 895 Coriolani,
630 867 661 894 2,
676 866 730 896 40.

131 896 166 929 L.
184 898 393 937 Volumnius,
409 900 533 938 consul,
558 910 636 930 cum
661 899 844 930 Sallentinis
864 899 1008 939 prospere
1031 898 1156 929 bellum
1180 898 1271 938 gerit,
1289 910 1325 939 9,

172 950 229 980 42.
252 943 369 973 iterum
382 943 507 979 consul,
525 952 576 980 10,
591 951 640 983 15.
659 943 690 972 in
708 943 880 972 Samnium
896 941 1066 981 profectus,
1085 941 1236 980 relinquit
1251 951 1325 982 pro-

172 984 330 1021 vinciam,
355 992 392 1016 ut
417 989 480 1026 Ap.
497 986 632 1016 Claudio
655 985 787 1023 collegae
809 995 906 1024 opem
930 985 1023 1021 ferat,
1041 985 1090 1014 18.
1114 990 1158 1021 et,
1182 986 1251 1024 post
1266 984 1327 1015 ali·

172 1036 273 1066 quam
289 1028 435 1059 adversus
451 1038 527 1058 eum
543 1028 797 1064 altercationem,
813 1029 975 1066 egregiam
994 1036 1072 1057 cum
1095 1036 1133 1056 eo
1155 1026 1326 1058 victoriam

172 1077 323 1109 reportat,
338 1071 410 1102 ibid.
437 1079 464 1100 et
484 1081 532 1109 19.
563 1072 641 1101 redit
664 1072 696 1100 in
721 1071 907 1106 Samnium,
931 1077 962 1100 et
984 1070 1139 1109 opprimit
1163 1070 1328 1101 Samnites

171 1113 360 1151 praedatores
381 1114 581 1153 Campaniae,
601 1123 652 1145 20.
675 1114 844 1153 prudentia
867 1112 936 1150 ejus
958 1119 990 1142 et
1013 1112 1190 1142 moderatio
1212 1113 1245 1141 in
1269 1121 1326 1142 co-

171 1156 271 1186 mitiis
286 1157 516 1193 consularibus,
535 1167 586 1187 20.
603 1163 634 1187 et
652 1166 703 1186 21.
727 1165 767 1185 ex
784 1154 1053 1185 senatusconsulto
1068 1161 1100 1184 et
1115 1154 1279 1194 plebiscito
1294 1154 1325 1185 ei

171 1206 376 1238 prorogatum
400 1200 433 1229 in
459 1209 585 1229 annum
612 1199 797 1238 imperium,
821 1209 871 1229 22.
896 1199 929 1227 in
954 1198 1089 1228 Samnio
1118 1197 1251 1228 feliciter
1274 1207 1324 1228 res

170 1242 261 1279 gerit,
280 1251 330 1280 30.
348 1249 379 1272 et
393 1252 444 1280 31·
467 1242 535 1280 ejus
551 1252 633 1271 uxor
646 1242 800 1280 Virginia,
815 1241 883 1270 vid.
899 1240 1054 1280 Virginia.

127 1282 161 1313 P.
179 1283 374 1314 Volumnius
396 1292 521 1315 creatur
543 1284 667 1321 consul,
693 1294 723 1322 3,
745 1293 793 1314 10.
821 1283 942 1323 legatus
969 1284 1010 1314 ab
1032 1282 1217 1322 AEquorum
1238 1283 1323 1315 duce

170 1325 318 1356 Graccho
330 1327 445 1357 Cloelio
458 1328 624 1367 spernitur,
642 1334 692 1366 25.

126 1367 315 1399 Voluntaria
337 1369 466 1400 collatio
489 1371 670 1400 senatorum
698 1369 738 1399 ad
763 1369 934 1399 levandam
958 1370 1059 1399 aerarii
1084 1369 1242 1408 inopiam,
1265 1369 1319 1407 26,

172 1413 223 1449 36.
239 1412 307 1442 vid.
325 1419 352 1441 et
369 1421 401 1452 5,
419 1416 470 1444 60.

126 1453 350 1485 Voluntariam
367 1455 517 1486 militiam
534 1454 670 1494 profeffis
682 1454 836 1492 jubentur
852 1463 914 1483 aera
931 1454 1110 1493 procedere,
1129 1461 1161 1494 5,
1182 1461 1211 1490 7.

125 1496 305 1527 Voluntarii
324 1498 454 1535 milites,
474 1507 504 1537 5,
526 1499 574 1528 16.
601 1506 653 1534 27,
670 1498 723 1537 46.
750 1499 802 1533 28,
819 1504 873 1536 45.
899 1507 954 1536 29,
974 1507 1000 1526 ι.
1027 1504 1080 1535 37,
1097 1506 1131 1536 4.

125 1539 310 1577 Volustana,
323 1541 441 1580 jugum
460 1541 716 1571 Cambuniorum
733 1540 897 1570 montium
914 1547 1044 1578 vocant,
1059 1550 1114 1580 44,
1132 1549 1162 1570 2.

125 1579 249 1622 Vorago
267 1584 298 1613 iu
316 1584 382 1613 soro
400 1584 547 1614 Romano
571 1585 682 1622 nequit
706 1583 853 1620 conjectu
876 1589 966 1612 terrae
986 1582 1118 1622 expleri,
1136 1590 1167 1620 7,
1183 1581 1214 1613 6.
1238 1581 1319 1613 Cur-

167 1626 231 1656 tius
247 1626 276 1656 se
291 1626 437 1665 devovet,
453 1633 496 1663 et,
513 1636 596 1665 equo
621 1626 769 1663 infidens,
787 1632 930 1656 armatus
944 1626 972 1655 se
990 1626 1024 1655 in
1039 1626 1169 1665 specum
1192 1625 1320 1656 immit-

167 1669 218 1705 tit,
235 1669 306 1699 ibid.

123 1710 337 1750 Vertumnus,
353 1712 454 1747 Deus,
470 1722 526 1751 44,
547 1713 596 1742 16.

126 1753 207 1783 Vota
221 1754 486 1793 quinquennalia,
504 1763 556 1791 27,
577 1764 627 1792 33.
654 1764 705 1791 30,
726 1763 775 1790 27.
801 1763 852 1792 31,
873 1766 903 1793 9.
926 1753 1127 1789 decennalia,
1144 1762 1199 1791 42,
1219 1754 1271 1784 28.

124 1795 206 1826 Vota
222 1803 413 1837 nuncupant
426 1797 570 1827 consules
586 1799 616 1826 in
628 1797 800 1836 Capitolio,
813 1803 989 1835 antequam
1006 1797 1039 1826 in
1054 1796 1232 1835 provincias
1244 1804 1319 1835 pro-

168 1838 362 1875 ficiscantur,
378 1849 433 1877 41,
454 1849 503 1877 32.
527 1850 582 1878 42,
599 1850 651 1878 49.

125 1881 207 1911 Vota
223 1882 412 1912 valetudinis
429 1882 536 1921 populi
554 1883 670 1918 causta,
687 1891 742 1920 42,
762 1892 790 1911 2.

122 1924 210 1961 Voti,
227 1934 291 1964 quo
304 1925 413 1955 consul
431 1925 523 1955 ludos
541 1934 673 1963 magnos
689 1925 757 1954 Jovi
777 1931 884 1961 vovet,
899 1923 1052 1963 formula,
1069 1925 1122 1963 36,
1139 1933 1167 1954 2.

125 1967 247 1998 Votum
264 1976 424 2007 praeeume
442 1968 592 2006 pontifice
606 1968 739 2004 sactum,
757 1979 789 2007 4,
808 1975 858 2003 27.

123 2009 246 2040 Votum
264 2012 392 2040 incertae
409 2012 554 2050 pecuniae
572 2020 611 2039 an
630 2010 719 2049 possit
737 2010 846 2049 suscipi
863 2011 874 2038 ?
901 2020 953 2048 31,
973 2019 1002 2046 9.

122 2053 162 2082 ad
178 2053 312 2090 Votum,
339 2053 518 2083 inconsulto
540 2054 647 2083 senatu
671 2061 879 2092 conceptum,
898 2053 1034 2091 pecunia
1050 2052 1088 2082 de
1105 2051 1236 2091 publico
1258 2060 1314 2082 ne-

166 2101 271 2134 gatur,
290 2097 342 2134 36,
360 2098 410 2133 36.

122 2137 194 2167 Vox
210 2139 306 2168 noctu
323 2140 431 2169 audita
446 2140 589 2169 humana
605 2138 718 2169 clarior
734 2138 773 2168 de
789 2138 927 2167 adventu
944 2137 1126 2175 Gallorum,
1144 2144 1176 2177 5,
1194 2147 1247 2176 32.

122 2179 195 2209 Vox
213 2180 307 2211 ηοᾶυ
324 2182 431 2212 audita
448 2191 486 2211 ex
503 2182 637 2212 delubro
653 2180 842 2221 Proserpinae
860 2181 974 2214 Locris,
994 2190 1047 2220 29,
1068 2182 1116 2210 18.

124 2222 265 2252 Urbanae
282 2224 393 2261 tribus,
410 2224 475 2254 vid.
491 2225 618 2254 Tribus.

124 2265 266 2295 Urbanae
282 2265 434 2305 legiones,
451 2267 515 2297 vid.
536 2267 695 2306 Legiones.

121 2307 261 2338 Urbium
274 2310 453 2348 primordia,
467 2310 627 2340 miscendo
639 2311 783 2340 humana
793 2309 1101 2347 ‹livinis‚augussiora
1113 2308 1202 2343 facta,
1215 2309 1320 2352 Praefi.

123 2350 262 2381 Urbium
280 2358 396 2384 veteres
412 2353 589 2384 conditores
607 2359 716 2383 natam
733 2352 788 2384 fibi
812 2362 829 2382 e
853 2359 931 2384 terra
954 2351 1075 2392 prolem
1092 2353 1313 2384 ementieban-

167 2400 230 2432 tur,
248 2404 276 2434 1,
294 2397 326 2427 8.

689 2438 718 2467 N
738 2445 754 2477 5
