1572 2616
248 152 301 184 12
704 148 988 178 PRAEFATIO.

245 248 303 276 ter
322 238 492 288 patricios
522 236 707 282 allectam,
737 238 872 281 Livius,
902 236 1113 286 Dionyfius‚
1143 242 1182 273 et
1203 236 1356 274 Tacitus
1376 241 1432 273 te-

247 305 398 341 stanmr.
454 304 556 352 Lege
577 314 676 346 vero,
695 308 738 338 ut
758 303 819 350 qui
850 302 932 351 lege
955 301 1069 338 Junia
1089 313 1109 338 a
1137 302 1180 337 L.
1201 301 1331 344 Bruto,
1349 301 1436 349 lege

246 367 365 405 Caffia
384 380 405 404 a
425 366 586 411 Caesare,
619 373 657 402 et
676 366 760 415 lege
780 366 902 402 Sentia
931 366 976 401 ab
997 364 1179 414 Augusto,
1198 365 1237 401 in
1263 365 1437 414 patricio-

247 444 335 469 rum
356 432 526 468 ordinem
546 430 631 467 lecti
651 429 758 466 sunt:
791 428 897 478 cujus
924 429 978 465 rei
1007 429 1206 465 Suetonius
1223 429 1350 466 auctor
1368 429 1440 473 est‚.

247 502 288 532 et
305 496 400 532 libro
419 495 621 532 undecimo
639 493 805 530 Tacitus.
835 492 971 530 Iisdem
991 493 1135 537 diebus,
1155 493 1288 541 inquit,
1309 493 1347 528 in
1365 482 1435 529 nu-

245 570 395 597 merum
415 559 654 609 patriciorum
675 557 799 595 ascivit
818 556 945 594 Caesar
959 556 1242 594 vetustiffimum
1261 568 1437 606 quenque

247 636 270 660 e
297 623 440 667 senatu,
468 628 532 660 aut
558 623 691 671 quibus
711 621 800 659 clari
827 628 999 671 parentes
1025 621 1184 662 fuerant,
1207 620 1333 669 paucis
1356 617 1442 668 jamv

246 686 401 736 reliquis
419 686 662 730 familiarum,
683 697 772 735 quas
800 685 986 723 Romulus
1004 682 1204 732 majorum,
1226 688 1265 719 et
1283 683 1327 720 L.
1342 683 1438 719 Bru-

245 757 307 789 tus
327 752 518 789 minorum
548 752 717 801 gentium
745 748 991 798 appellarunt,
1009 747 1192 784 exhaustis
1219 748 1332 783 etiam
1349 758 1440 795 quas

249 815 422 853 Dictator
451 814 535 864 lege
568 812 697 856 Caffia,
726 818 765 849 et
792 812 963 861 princeps
1001 811 1190 860 Augustus
1225 811 1310 860 lege
1343 811 1438 848 Bru-

249 880 300 916 tia
326 878 545 927 sublegere:
577 882 688 925 atque
708 876 747 912 hi
776 876 919 925 patricii
946 875 1045 919 sunt,
1062 875 1163 912 unde
1190 874 1356 924 patriciae
1383 874 1440 911 fa-

250 942 379 987 miliae,
400 948 440 981 et
466 938 653 990 majorum
678 946 717 978 et
744 942 935 977 minorum
962 941 1132 989 gentium
1157 939 1298 988 patricii
1317 939 1441 976 nomi-

251 1007 328 1044 nati
346 1007 443 1043 sunt.
492 1005 600 1042 Quos
619 1005 722 1041 enim
741 1004 926 1041 Romulus
945 1009 984 1040 et
1001 1004 1126 1040 caeteri
1146 1015 1252 1052 reges
1270 1004 1441 1052 patricios

249 1070 423 1118 legerunt
439 1067 555 1117 usque
586 1069 632 1104 ad
651 1068 901 1116 Tarquinium
921 1067 1085 1104 Priscum
1109 1066 1152 1117 (fi
1170 1067 1325 1115 quidem
1345 1067 1440 1104 Livii

251 1132 475 1169 sententiam
503 1131 718 1181 sequamur)
752 1132 775 1168 ii
795 1130 982 1180 majorum
1009 1131 1206 1180 gentium:
1237 1143 1330 1179 quos
1354 1143 1443 1168 vero

248 1197 386 1234 Brutus
406 1195 541 1232 exactis
567 1196 729 1244 regibus,
749 1195 773 1230 ii
802 1195 993 1231 minorum
1010 1194 1182 1242 gentium
1207 1195 1350 1243 patricii
1379 1207 1444 1244 ap·-

251 1260 452 1309 pellantur.
482 1280 485 1283 -
516 1259 642 1295 Livius
662 1258 730 1294 hos
758 1259 882 1295 Patres
911 1258 1137 1307 conscriptos
1166 1257 1260 1294 libro
1278 1257 1442 1296 secundo

249 1324 431 1360 nominat.
473 1322 635 1364 Deinde,
651 1323 783 1371 inquit,
805 1334 880 1370 quo
907 1322 990 1371 plus
1008 1321 1144 1358 virium
1165 1321 1203 1357 in
1223 1321 1351 1358 senatu
1370 1321 1445 1358 fre·

250 1386 404 1435 quentia
421 1386 557 1423 ordinis
576 1385 728 1429 faceret,
758 1386 922 1422 caedibus
951 1398 1085 1435 regum
1119 1386 1349 1422 diminutum
1376 1386 1443 1422 Pa-

251 1458 354 1487 trum
386 1455 602 1492 numerum,
628 1450 854 1499 primoribus
884 1449 1059 1498 equestris
1091 1450 1225 1498 gradus
1250 1448 1365 1493 lectis,
1397 1449 1445 1486 ad

249 1519 507 1550 trecentorum
525 1513 715 1550 summam
735 1514 916 1562 explevit:
943 1514 1195 1562 traditumque
1213 1513 1299 1549 inde
1311 1512 1442 1556 fertur,

253 1577 354 1623 utin
386 1576 557 1613 senatum
576 1584 810 1620 vocarentur,
831 1577 894 1624 qui
922 1577 1058 1620 Patres,
1078 1577 1215 1624 quique
1244 1575 1440 1625 conscripti

249 1640 389 1677 essent:
413 1640 638 1688 conscriptos
659 1640 844 1684 videlicet,
866 1641 902 1676 in
924 1652 1065 1676 novum
1090 1639 1259 1675 senatum
1279 1639 1443 1688 appella·

186 1748 188 1750 v
249 1704 341 1741 bant
360 1704 488 1741 lenos.
546 1703 606 1740 Sic
629 1704 753 1740 Festus
778 1703 873 1740 libro
899 1703 1023 1747 tertio,
1044 1702 1249 1751 Conscripti
1269 1703 1445 1740 diceban·

250 1774 325 1812 tur,
355 1769 419 1816 qui
448 1779 497 1804 ex
522 1767 678 1815 equestri
708 1767 838 1803 ordine
869 1767 1036 1803 Patribus
1069 1765 1382 1810 adscribebantur,
1402 1772 1445 1803 ut

247 1842 430 1867 numerus
463 1829 678 1867 senatorum
704 1830 931 1878 expleretur.
994 1829 1192 1866 Minorum
1221 1825 1442 1879 igitur'gen-

254 1894 352 1930 tium
386 1894 531 1942 patricii
556 1893 641 1929 sunt
673 1893 833 1937 Oelavii,
854 1894 1017 1938 Claudii,
1038 1893 1198 1942 Papirii:
1228 1893 1276 1930 de
1310 1894 1444 1941 quibus

252 1958 300 1994 fic
320 1958 455 1995 Cicero
474 1957 538 1994 lib.
560 1957 795 2006 epistolarum
815 1959 864 1996 ix.
919 1958 991 1995 Sed
1010 1963 1149 2001 tamen,
1170 1959 1222 1993 mi
1246 1958 1358 2002 Paete,
1378 1958 1442 2005 qui

253 2022 321 2058 tibi
358 2022 397 2057 in
430 2012 599 2057 mentem
633 2023 735 2058 venit
763 2034 898 2071 negare
919 2022 1108 2070 Papirium
1138 2033 1353 2070 quenquam
1374 2033 1443 2058 un-

248 2097 363 2134 quam
382 2084 448 2121 nifi
465 2085 655 2133 plebeium
673 2085 778 2121 fuiffe
794 2087 807 2122 ?
858 2086 1024 2122 Fuerunt
1043 2085 1145 2121 enim
1163 2085 1303 2133 patricii
1323 2086 1445 2121 mino-

247 2161 338 2186 rum
357 2148 539 2197 gentium.
589 2148 759 2197 Reliquae
789 2148 942 2185 familiae
969 2147 1127 2197 plebeiae
1163 2147 1262 2192 sunt,
1292 2146 1443 2197 abjectae

252 2212 326 2249 illae
347 2211 500 2260 quidem
531 2212 658 2260 primis
679 2213 922 2261 temporibuS,
944 2218 982 2248 et
1000 2218 1251 2260 contemptae:
1274 2224 1364 2248 mox
1384 2214 1448 2250 ubi

252 2275 452 2319 connubia,
474 2273 586 2318 sacra,
610 2274 782 2324 auspicia,
812 2288 899 2312 cum
919 2276 1086 2325 plebeiis,
1113 2275 1258 2312 sacratis
1287 2276 1443 2326 legibus,

245 2338 522 2377 communicata
541 2337 626 2376 sunt
638 2355 650 2386 ς
679 2340 746 2376 ubi
764 2339 924 2385 secures,
946 2339 1074 2378 sellam
1106 2340 1292 2383 curulem,
1313 2342 1441 2377 trium-
