1572 2616
479 173 849 205 HISTORIARUM
886 173 1089 203 LIBROS.
1348 175 1374 217 9

192 266 242 298 M.
257 262 409 297 AEmilius
424 262 566 301 Paullus,
585 263 732 303 magister
746 262 908 303 equitum,
926 261 1011 293 male
1024 271 1091 292 rem
1107 260 1198 301 gerit,
1218 270 1268 300 10,
1287 270 1317 300 3.

192 310 243 340 M.
258 307 410 340 AEmilius
425 307 569 347 Regillus
584 307 695 337 consul
711 307 827 337 dicitur
841 316 860 337 a
873 306 1082 347 praerogativa
1097 305 1253 342 centuria,
1271 315 1325 345 24,
1345 312 1375 342 7.

234 352 318 383 irrito
339 357 469 388 eventu,
497 352 527 381 8.
543 356 575 381 et
598 362 629 391 9.
655 350 776 381 flamen
794 349 980 387 Quirinalis,
998 350 1028 380 8.
1055 348 1175 379 flamen
1201 347 1373 385 Martialis,

233 394 378 431 moritur,
396 403 449 431 29,
464 403 475 423 1
487 403 513 425 1.

191 438 232 469 Ω.
248 437 402 468 AEmilius
416 436 566 475 Barbula,
582 436 693 467 consul
715 442 850 474 creatus,
869 446 901 475 9,
918 445 970 468 20.
987 445 1039 467 21.
1056 435 1234 465 secundum
1248 433 1374 472 consul,

234 489 285 519 30.

189 524 231 554 Q,
248 523 402 554 AEmilius
424 523 625 560 Cerretanus,
641 523 765 560 consul,
783 524 815 559 8,
835 530 885 561 37.
901 522 967 553 vid.
986 521 1026 552 Θ.
1044 520 1159 551 Aulius
1173 521 1375 551 Cerretanus.

187 567 240 598 Ti.
258 566 426 604 AEmilius,
446 567 570 604 consul,
589 578 621 604 2,
639 567 691 597 61.
707 566 776 603 ejus
792 576 839 596 res
863 567 956 606 gestae
972 566 1005 596 in
1022 565 1161 602 Sabinis,
1188 566 1238 596 62.
1263 561 1374 594 consul

234 611 364 647 iterum,
380 611 474 641 dandi
493 611 557 650 agri
575 609 660 649 plebi
675 610 795 645 auHor,
814 619 845 648 3,
866 620 894 640 1.

186 651 240 683 Ti.
256 653 425 691 AEmfflus,
443 654 635 694 quinquevir
651 654 839 689 mensarius,
856 660 887 690 7,
905 661 957 684 21.
973 657 1101 691 praetor,
1118 652 1150 687 8,
1172 661 1201 682 2.

185 695 239 725 Ti.
254 696 405 727 AEmilius
421 697 653 733 Mamercinus,
664 696 788 733 consul,
801 696 931 735 ejusque
947 704 1024 725 cum
1041 694 1150 724 senatu
1167 695 1255 730 rixae,
1274 693 1306 730 8,
1325 699 1375 723 12.

188 738 320 776 AEmuS‚
349 750 457 776 mons,
479 749 536 780 40,
554 750 606 770 21.
623 749 663 769 ex
688 750 726 768 eo
752 745 864 769 monte
887 738 1045 768 creditum
1072 737 1169 776 vulgo
1194 737 1266 772 fuit,
1291 736 1376 765 Pon-

231 782 334 812 ticum
361 783 456 812 simul
473 791 503 813 et
522 784 721 812 Adriaticum
746 791 845 817 mare,
862 788 893 811 et
915 782 1029 811 Istrum
1053 789 1198 816 amnem,
1223 785 1254 808 et
1276 777 1376 817 Alpes

231 825 371 863 conspici
388 826 487 864 pofl'e,
505 826 576 855 ibid.
597 835 672 855 eum
684 825 869 855 conscendit
884 824 1062 864 Philippus,
1079 830 1109 853 et
1122 821 1278 862 degreffus
1292 820 1376 851 nihil

229 867 370 907 vulgatae
386 869 530 907 opinioni
547 869 696 906 detrahit,
716 878 767 900 22.

190 909 336 946 Binaria,
350 912 464 948 insula,
483 913 514 949 8,
533 922 584 943 22.

189 952 306 989 AEnea,
322 955 491 992 oppidum,
505 965 559 993 40,
577 964 608 993 4.
625 955 737 984 eadem
752 953 862 989 AEnia,
878 962 934 993 44,
956 962 1003 983 10.
1023 961 1073 989 32.
1090 950 1256 987 AEneates,
1272 959 1327 989 40,
1341 960 1383 989 4·-

232 996 350 1026 statum
366 997 478 1026 AEneae
496 997 700 1034 sacrificium,
720 997 807 1037 quod
830 996 987 1026 conditori
1003 995 1115 1026 AEneae
1131 994 1304 1033 quotannis
1325 993 1381 1030 fit,

232 1038 303 1068 ibid.

189 1079 293 1110 AEnea
311 1082 342 1110 in
360 1081 518 1119 Capitolio
534 1082 660 1118 limina,
676 1081 743 1112 vid.
761 1081 972 1122 Capitolium.
1007 1105 1011 1109 -

188 1123 294 1153 AEnea
307 1124 394 1162 signa
409 1124 566 1162 Deorum,
581 1125 647 1155 vid.
664 1125 812 1163 Signum.

188 1166 283 1195 AEnei
301 1167 404 1202 orbes,
423 1166 512 1206 pofiti
531 1168 562 1197 in
581 1168 693 1198 sacello
710 1168 818 1203 Sanei,
836 1168 868 1203 8,
888 1176 939 1198 20.

188 1208 303 1238 AEneae
319 1218 426 1248 portus
443 1210 481 1239 ad
498 1218 643 1241 montem
660 1211 759 1247 Atho,
771 1218 826 1250 45,
846 1219 897 1248 30.

188 1251 320 1286 AEneas,
339 1253 487 1282 Anchisae
508 1261 538 1283 et
558 1254 686 1283 Veneris
703 1253 802 1290 filius,
829 1263 856 1288 1,
878 1262 905 1282 1.
930 1251 1081 1291 profugus
1103 1251 1190 1280 venit
1213 1250 1246 1280 in
1264 1250 1374 1280 Mace-

230 1294 375 1330 doniarn,
393 1295 546 1329 Siciliam,
565 1303 595 1325 et
611 1296 752 1333 Italiam,
764 1296 819 1325 ubi
836 1296 1007 1325 Lavinium
1024 1294 1147 1330 condit,
1165 1293 1235 1323 ibid.
1252 1300 1286 1323 ut
1304 1294 1374 1322 ani-

232 1346 303 1367 mos
320 1338 532 1377 Aboriginum
557 1338 610 1368 fibi
630 1339 827 1376 conciliaret,
846 1339 973 1368 Latinos
988 1343 1158 1377 utramque
1174 1342 1304 1376 gentem
1318 1345 1373 1376 ap·

231 1379 341 1418 pellat,
361 1390 388 1410 2.
407 1381 475 1418 ejus
490 1390 587 1418 mors,
605 1382 676 1411 ibid.
1374 1387 1376 1389 '

189 1421 310 1452 AEneas
325 1422 456 1458 Silvius,
470 1433 521 1453 rex
540 1425 647 1454 tertius
664 1423 768 1461 Albae,
790 1433 818 1460 1,
838 1433 868 1462 3.

187 1464 299 1500 AEnei,
314 1465 378 1494 vid.
395 1465 510 1495 AEnus.

188 1506 412 1537 AEnefidemus
424 1508 594 1547 Dymaeus,
608 1507 772 1547 praefectus
783 1507 913 1547 praefidii
926 1507 1123 1538 Achaeorum
1133 1507 1239 1546 Argis,
1255 1515 1307 1545 32,
1320 1514 1373 1548 25.

187 1549 299 1586 AEnia,
315 1550 381 1580 vid.
398 1551 513 1580 AEnea.

187 1592 369 1622 AEnianum
387 1592 483 1630 sinus,
504 1594 556 1629 28,
572 1600 601 1632 5-

187 1634 305 1669 }Enus,
329 1635 485 1673 oppidum
505 1636 665 1672 Thraciae,
685 1635 862 1674 proditione
887 1635 1010 1673 capitur
1031 1644 1048 1664 a
1071 1635 1232 1674 Philippo,
1251 1644 1303 1674 31,
1321 1636 1371 1676 16,

229 1677 317 1706 AEno
334 1677 513 1715 praesidiurn
531 1679 685 1708 Antiochi
711 1678 890 1714 deducitur,
911 1686 962 1715 37,
981 1679 1032 1708 60.
1050 1677 1270 1708 controversiae
1293 1688 1371 1709 cum

229 1719 377 1759 Philippo
401 1721 439 1750 de
456 1721 532 1751 AEni
558 1721 753 1761 posseffione,
777 1730 829 1761 39,
855 1731 905 1760 24.
924 1728 976 1757 27.
994 1723 1046 1751 28.
1062 1721 1188 1751 :Enum
1213 1721 1269 1751 fibi
1293 1723 1373 1761 petit

228 1762 367 1798 AttaluS,
384 1773 440 1803 45,
460 1774 509 1794 zo.

187 1803 296 1842 Επεὶ,
315 1815 368 1843 3¹,
384 1816 435 1844 31-
454 1806 555 1841 AEnii,
575 1814 626 1844 37,
646 1815 696 1844 33·
716 1806 767 1844 38,
786 1815 838 1844 41·
856 1814 910 1845 45,
930 1814 982 1842 27·

187 1846 302 1883 AEoHs,
326 1858 375 1886 33,
393 1850 444 1887 38.
471 1857 522 1887 37,
542 1850 845 1888 8.1z.18.25.35.
872 1850 925 1886 38,
946 1850 994 1878 16.

186 1889 320 1927 AEpulo,
338 1891 487 1921 lstrorum
514 1891 652 1929 regulus,
683 1901 724 1921 ne
746 1893 836 1921 vivus
861 1892 1003 1930 capiatur
1027 1901 1044 1920 a
1066 1892 1235 1929 Romanis,
1260 1891 1368 1932 pe6tus

230 1932 310 1962 ferro
325 1933 452 1971 trajicit,
469 1943 524 1973 4¹,
545 1942 593 1973 15.

185 1973 298 2013 AEqui,
316 1975 377 2006 sive
393 1976 589 2014 AEquicolae,
606 1986 682 2014 gens
697 1976 842 2015 antiqua,
864 1986 891 2012 1,
912 1986 962 2014 32.
976 1977 1014 2006 ab
1032 1976 1212 2016 AEquicolis
1225 1977 1289 2014 jus,
1304 1987 1369 2017 quo

227 2026 274 2046 res
302 2025 500 2058 repetuntur,
518 2022 628 2048 Ancus
649 2019 788 2048 Marcius
805 2019 975 2058 descripsit,
994 2020 1063 2049 ibid,
1089 2020 1239 2049 Latinum
1255 2029 1369 2059 agrum

228 2060 398 2098 invadunt,
424 2071 456 2099 2,
474 2071 524 2100 30.
540 2062 726 2097 vincuntur,
745 2071 795 2100 3¹·
814 2061 921 2091 seditio
935 2063 1014 2091 inter
1033 2062 1155 2101 AEquos
1179 2069 1208 2092 et
1225 2062 1369 2100 Volscos,

227 2109 258 2132 et
274 2110 364 2133 atrox
388 2104 551 2143 proelium,
568 2114 622 2143 40.
667 2104 830 2134 Romanos
854 2104 937 2134 bello
962 2111 1087 2143 petunt,
1104 2114 1157 2144 43.
1180 2113 1370 2145 oppugnant

227 2145 398 2183 Ortonam,
415 2147 487 2177 ibid.
516 2154 634 2177 vexant
657 2147 785 2178 Latinos
816 2147 1060 2184 incursionibus,
1086 2151 1141 2187 48,
1161 2156 1211 2186 53.
1231 2149 1282 2188 58.
1300 2149 1370 2178 vin-

229 2195 357 2224 cuntur,
376 2190 429 2220 60.

271 2230 355 2261 bello
370 2233 472 2270 petiti,
486 2242 503 2262 a
518 2232 559 2262 Q.
572 2232 703 2263 Servilio
714 2233 898 2268 vincuntur,
918 2243 947 2270 3,
961 2243 988 2263 2.
1006 2232 1243 2271 depopulantur
1256 2243 1370 2273 agrum

228 2271 428 2311 Romanurn,
460 2282 489 2304 et
518 2276 698 2310 caeduntur,
728 2285 756 2312 3.
783 2276 958 2305 obsidentes
988 2276 1119 2305 Furium
1144 2276 1309 2307 consulem
1335 2277 1367 2307 in

229 2315 346 2352 castris,
364 2326 381 2345 a
395 2317 435 2346 T.
456 2318 781 2353 Quintiocaeduntur,
799 2325 829 2357 5.
847 2319 943 2356 AEqui
961 2325 990 2347 et
1008 2317 1110 2347 Volsci
1129 2319 1234 2348 denuo
1253 2319 1369 2349 Herni-

228 2365 343 2387 corum
359 2366 389 2388 et
413 2359 636 2390 Romanorum
659 2370 747 2398 agros
763 2361 1010 2399 depopulantur,
1028 2361 1057 2389 6.
1076 2361 1250 2392 vincuntur
1272 2371 1289 2391 a
1305 2362 1366 2392 Lu-

230 2400 327 2430 cretio
344 2401 486 2440 consule,
501 2404 530 2433 8.
551 2402 717 2441 rebellant,
741 2412 788 2474 130.
811 2412 918 2434 arcem
941 2402 1161 2435 Tusculanam
1177 2405 1321 2444 capiunt,
1335 2411 1367 2435 et

785 2452 798 2483 5
