1572 2616
476 158 847 200 tirszromAnun
884 165 1089 197 manos.
1296 161 1378 212 125

172 248 179 259 ³
187 249 306 287 Latini,
322 249 376 290 qui
394 248 536 281 Romam
552 249 816 290 commigrarant,
830 247 988 287 jubentur
1002 246 1101 278 redire
1115 245 1266 286 domum,
1283 254 1337 288 39,
1352 255 1385 288 3.

230 302 344 324 eorum
357 292 492 332 querelae
509 294 541 323 in
558 294 682 332 senatu,
698 303 754 333 41,
776 302 824 324 12.
849 292 888 323 de
902 291 1024 323 Latinis
1039 289 1092 322 lex
1106 289 1183 328 lata,
1202 300 1252 331 13.

188 335 301 367 Latina
316 338 380 375 vla,
395 336 462 367 vid.
479 337 549 367 Via.

188 379 309 410 Latinae
324 379 474 416 coloniae,
489 389 542 419 34,
560 385 612 420 53.

188 423 311 453 Latinae
333 423 429 459 feriae,
449 430 481 464 5,
501 430 550 460 17.
567 430 598 454 et
618 432 668 465 19.
686 432 740 459 21,
762 422 814 462 63.
838 431 893 459 22,
913 432 941 453 1.
964 426 1078 452 tenent
1099 418 1246 452 consules
1269 423 1386 460 praeto-

231 465 340 504 resque
357 466 469 496 Romae
487 466 585 506 usque
601 473 676 497 ante
691 466 778 496 diem
791 466 945 506 quintum
961 464 1115 496 kalendas
1130 464 1249 501 Maias,
1265 470 1320 504 25,
1334 473 1346 495 1
1357 472 1385 496 ι.

230 509 358 540 decreto
373 509 567 549 pontificum
592 510 786 546 instauratae,
811 509 898 549 quod
913 508 1104 540 Ardeatibus
1124 516 1199 539 caro
1221 507 1296 539 data
1313 515 1385 538 non

230 552 344 590 suerat,
362 562 414 592 32,
435 563 462 583 1.
477 553 542 583 vid.
561 560 590 582 et
607 560 660 592 37,
680 563 708 592 3.
725 560 753 582 er
767 562 824 592 41,
843 562 895 584 20.

181 589 310 626 Latinae
326 603 401 626 ante
415 597 500 626 diem
518 597 648 626 tertium
665 606 767 626 nonas
786 597 901 634 Maias,
917 606 973 636 41,
992 605 1046 628 20.

185 655 229 661 —
245 639 373 670 indietae
398 649 439 669 ex
464 641 690 670 instauratione
717 640 749 669 in
774 647 850 670 ante
875 640 963 670 diem
987 639 1117 669 tertium
1138 637 1211 671 idus
1237 635 1386 675 Sextiles,

231 681 302 713 ibid.
326 682 470 713 kalendis
485 683 589 713 Juniis
604 683 708 721 faFtae,
723 692 778 723 42,
799 691 850 724 35.

185 741 230 748 —-
246 726 344 765 pridie
359 725 512 756 kalendas
528 725 658 766 Aprilis,
673 735 730 766 44,
746 736 799 758 22.

185 769 274 798 —in
292 775 366 799 ante
381 777 546 809 quartum,
562 776 594 800 et
609 770 753 807 tertium,
768 776 799 799 et
815 768 914 809 pridie
930 768 1000 799 idus
1015 766 1231 805 Novembres,
1246 773 1303 808 45,
1319 777 1350 807 3.

185 812 296 842 Latine
313 812 465 851 loquendi
491 812 619 851 publice
636 813 805 849 Cumanis,
820 819 852 842 et
875 812 988 843 Latine
1011 812 1170 843 vendendi
1191 810 1246 849 jus
1268 819 1382 842 eorum

230 856 432 895 praeconibus
449 854 647 896 permiffum,
664 866 720 896 40,
736 865 790 896 42.

187 898 320 929 Latinus
336 908 390 930 rex
407 907 562 938 armatuS,
575 900 615 930 ad
638 900 811 930 arcendam
828 899 895 930 vim
912 898 1125 935 advenarum,
1142 897 1257 929 AEneae
1272 905 1386 928 occur-

230 943 282 978 rit,
306 952 335 981 r,
354 951 382 974 1.
406 952 519 982 pacem
543 952 621 974 cum
638 943 757 982 AEnea,
772 943 888 973 deinde
904 942 1098 974 affinitatem
1114 951 1193 973 cum
1209 951 1248 973 eo
1261 941 1385 982 jungit,

231 986 305 1015 data
321 986 347 1015 ei
366 986 397 1015 in
416 987 662 1017 matrimonium
679 986 758 1024 filia,
777 985 849 1016 ibid.

188 1027 320 1059 latinus
337 1029 466 1065 Silvius,
484 1029 577 1059 Albae
592 1039 658 1067 rex,
677 1039 706 1067 1,
727 1038 756 1068 3.

186 1071 316 1102 Latium
333 1072 489 1102 Romanis
505 1071 698 1112 suspectum,
715 1074 744 1107 6,
762 1082 814 1104 21.
837 1072 919 1102 Latii
942 1073 1039 1103 status
1054 1071 1180 1110 infelix,
1197 1072 1230 1110 8,
1250 1080 1300 1111 13.
1323 1070 1385 1102 La-

231 1115 314 1146 tium
332 1115 513 1154 subaetum,
531 1115 604 1146 ibid.

186 1157 321 1195 Latona,
340 1166 371 1199 5,
392 1169 440 1198 13.

186 1201 318 1232 Latonae
335 1203 417 1232 bove
433 1201 554 1233 femina
571 1207 681 1232 aurata
696 1201 822 1232 sacrum
838 1200 974 1239 sa&um‚
993 1207 1047 1241 25,
1068 1211 1119 1233 12.

186 1245 350 1281 Latrones,
366 1245 405 1275 ad
421 1246 485 1276 duo
503 1245 617 1283 millia,
633 1246 665 1275 in
682 1244 833 1285 spelunca
849 1244 997 1285 oppreffi‚
1016 1254 1066 1282 ιο,
1089 1253 1116 1276 1.

185 1288 306 1324 Lavici,
323 1288 389 1319 vid.
403 1289 524 1320 Labici.

186 1330 332 1368 Lavinia,
350 1332 452 1362 Latini
470 1332 548 1371 regis
565 1331 643 1368 filia,
662 1331 755 1362 datur
769 1331 884 1362 AEneae
900 1332 933 1361 in
951 1331 1213 1368 matrimonium,
1232 1340 1262 1367 1,
1280 1340 1309 1362 1.

186 1373 372 1411 Lavinium,
395 1375 567 1415 oppidum,
594 1375 778 1410 conditum,
796 1375 883 1414 quod
908 1374 1029 1405 AEneas
1053 1374 1093 1405 ab
1118 1374 1226 1404 uxoris
1249 1373 1385 1405 nomine

228 1417 381 1456 appellat,
404 1427 432 1455 1,
454 1428 481 1448 1.
506 1419 587 1448 inter
604 1418 775 1448 Lavinium
796 1426 826 1447 er
843 1417 962 1447 Albam
986 1418 1132 1457 Longam
1148 1417 1313 1447 coloniam
1329 1417 1386 1447 de-

229 1460 374 1498 ductam,
404 1462 531 1500 triginta
557 1462 657 1491 ferme
686 1461 853 1490 interfuere
879 1461 970 1498 anni,
997 1470 1028 1499 3.
1053 1461 1176 1490 Lavinii
1203 1459 1386 1491 interfectus

227 1503 268 1533 T.
284 1504 411 1540 Tatius,
432 1514 480 1544 ¹4·
509 1504 612 1534 foedus
639 1505 721 1534 inter
749 1503 889 1534 Romam
916 1510 948 1533 et
976 1503 1146 1534 Lavinium
1175 1510 1384 1542 renovatum,

230 1546 302 1576 ibid.
327 1547 498 1578 Lavinium
516 1547 555 1578 ab
570 1548 667 1585 Troja
683 1547 871 1584 oriundum,
891 1556 942 1586 23.
961 1546 1027 1578 vid.
1043 1554 1072 1576 er
1089 1557 1120 1585 2,
1136 1556 1188 1588 39.

185 1589 305 1620 Laurea
322 1599 454 1628 corona,
470 1590 536 1621 vid.
552 1591 690 1622 Corona.

186 1632 307 1663 Laurea
324 1634 355 1663 in
371 1634 470 1674 puppi
487 1634 577 1665 navis
591 1634 696 1674 longae
709 1640 815 1665 enata.
830 1632 897 1664 vid.
915 1633 1114 1673 Prodigium.

186 1675 342 1706 Lauream
361 1677 393 1706 in
411 1685 512 1708 manu
529 1684 688 1715 tenentes,
704 1684 736 1707 et
752 1677 909 1715 coronati,
926 1676 1108 1717 supplicant
1125 1675 1240 1707 Romae
1255 1682 1384 1714 omnes,

228 1719 400 1750 duodecim
418 1721 512 1751 annis
527 1721 676 1760 majores,
693 1730 748 1761 40,
767 1728 819 1758 37.

186 1761 348 1792 Laureatae
365 1763 462 1794 literae
477 1770 507 1794 et
522 1764 661 1801 tabellae,
678 1771 734 1805 45,
755 1773 783 1794 1.

185 1805 324 1836 Laurens
341 1815 425 1846 ager,
444 1816 473 1844 1,
495 1816 522 1837 1.

185 1848 370 1885 Laurentes,
393 1859 471 1880 cum
496 1850 532 1880 iis
555 1849 730 1889 quotannis
751 1855 942 1879 renovatum
966 1849 1070 1879 foedus
1093 1848 1162 1888 post
1185 1847 1273 1878 diem
1296 1846 1383 1879 deci-

230 1900 323 1921 mum
343 1891 542 1930 Latinarum,
559 1895 592 1930 8,
613 1902 624 1922 1
636 1903 662 1923 1-

186 1933 395 1965 Lauvcnuum
411 1935 505 1974 legati
524 1934 635 1975 pulsati
652 1934 756 1966 aTito
773 1935 882 1973 Tatio,
900 1944 929 1973 1,
951 1944 1001 1975 14.

187 1978 396 2008 Laurentibus
411 1987 475 2008 non
489 1978 562 2008 data
578 1987 651 2008 caro
665 1978 797 2015 Latinis,
812 1986 866 2017 37,
883 1988 914 2018 3.

185 2021 382 2051 Lauretanus
398 2027 522 2061 portus,
541 2031 594 2060 30,
614 2031 665 2061 39.

186 2064 310 2100 Lautia,
325 2063 436 2104 legatis
453 2065 597 2104 praebita,
616 2066 667 2102 28,
687 2073 738 2103 39.
764 2073 817 2102 30,
838 2071 888 2101 17.
915 2073 969 2102 33,
988 2073 1038 2103 24.
1064 2069 1117 2103 35,
1136 2072 1187 2101 23.
1211 2071 1267 2101 42,
1286 2063 1338 2093 26.

185 2107 343 2145 Lautulae,
356 2107 446 2138 locus
459 2109 610 2147 angustus
623 2117 661 2138 ae
678 2107 845 2144 saltuosus,
863 2114 892 2145 7,
909 2116 960 2147 39.
985 2118 1016 2146 9,
1034 2116 1084 2145 23.
1099 2107 1138 2136 ad
1152 2105 1304 2136 Lautulas
1321 2114 1382 2136 an-

229 2150 316 2189 cipiti
335 2151 446 2190 proelio
461 2160 541 2182 curn
558 2151 758 2181 Samnitibus
775 2150 983 2186 dimicatum,
1001 2150 1073 2180 ibid.

189 2192 380 2230 Lautumiae,
403 2195 456 2231 26,
476 2202 527 2231 27.
551 2195 797 2225 Lautumiarum
821 2194 954 2224 carceris
976 2193 1152 2224 custodiam
1177 2191 1382 2222 intentiorem

233 2235 347 2266 habere
373 2236 529 2274 jubentur
557 2238 727 2274 triumviri,
754 2246 807 2275 32,
838 2238 889 2268 26.
923 2238 955 2267 in
983 2236 1170 2267 Lautumias
1197 2234 1381 2265 AEtolorum

232 2279 389 2318 principes
409 2280 560 2321 conjee‘ti,
578 2289 631 2321 37,
649 2290 679 2323 3.
703 2281 737 2310 in
762 2280 943 2311 Lautumiis
961 2280 1026 2311 duo
1048 2280 1139 2319 atria,
1162 2278 1326 2310 Maenium
1347 2282 1382 2308 et

229 2320 369 2359 Titium,
388 2331 441 2362 39,
458 2333 513 2363 44.

188 2363 340 2402 Lebadia,
355 2371 411 2405 45,
428 2374 479 2402 27.
