1538 2592
593 124 951 160 ROMANORUM..
980 157 985 160 .

520 356 773 424 ATILIA
814 357 1013 403 GENS.
1047 410 1049 412 q
1111 326 1115 328 γ

479 599 528 629 L.
560 599 740 630 ATILIUS
773 602 956 632 *VULSQ
1000 601 1166 633 Tribunus
1204 603 1364 641 militum,

494 652 581 673 anno
596 651 670 683 354.
707 644 813 675 Livius
830 645 885 675 lib.
903 655 934 674 v.
969 645 1133 676 Tribunus
1156 646 1299 677 militum
1319 657 1365 684 ιι,

490 695 578 716 anno
596 696 669 726 357.
694 687 802 719 Livius
817 689 944 719 eodem.

492 771 541 802 M.
564 772 739 802 ATILIUS
763 773 811 803 M.
840 773 874 804 F.
900 773 973 804 ἑιεΞΝ.
998 773 1214 804 REGULUS.
1244 772 1366 804 Consul

492 824 570 844 eum
599 815 649 846 M.
675 815 815 852 Valerio,
843 825 930 846 anno
952 817 1028 856 418.
1073 817 1183 847 Livius
1212 816 1269 847 lib.
1295 817 1365 848 viii.

492 858 654 889 Diodorus
669 858 725 889 lib.
743 859 820 890 xvii.
924 901 939 931 Ι

490 943 540 973 M.
555 943 731 973 ATILIUS
747 943 796 973 M.
813 944 848 973 F.
866 943 915 974 M.
931 944 975 974 N.
991 943 1208 974 REGULUS.
1246 942 1367 975 Consul

490 994 568 1014 cum
586 985 619 1014 L.
639 985 816 1022 Postumio,
832 995 919 1016 anno
934 995 1010 1025 459.
1046 986 1096 1016 De
1112 986 1312 1017 Samnitibus
1333 992 1368 1019 et

491 1027 684 1059 Volsonibus
700 1028 924 1069 triumphavit.
947 1029 1054 1060 Livius
1069 1028 1126 1061 lib.
1142 1039 1177 1060 x.

492 1112 541 1144 M.
561 1114 733 1145 ATILIUS
755 1114 805 1145 M.
821 1115 856 1145 F.
873 1114 908 1145 L.
926 1115 969 1145 N.
987 1115 1201 1146 REGULUS.
1245 1112 1368 1147 Consu}

490 1167 570 1187 cum
588 1158 623 1188 L.
638 1158 739 1195 Julio,
756 1167 843 1188 anno
858 1159 933 1197 486.
957 1157 1165 1188 Caffiodorus.
1189 1158 1366 1196 Eutropius

491 1199 547 1230 lib.
565 1201 597 1230 ii.
644 1200 771 1231 Bellum
795 1209 874 1230 cum
890 1200 1074 1230 Sallentinis
1090 1200 1190 1239 geffit,
1206 1201 1309 1238 deque
1325 1199 1366 1231 iis

491 1244 716 1281 trIumphavit.
755 1243 867 1273 Florus
883 1243 939 1274 lib.
957 1244 976 1273 i.
995 1252 1066 1282 cap.
1085 1252 1136 1274 20.
1181 1242 1299 1273 Consul
1317 1251 1366 1281 11,

491 1295 570 1316 cum
594 1286 629 1315 L.
647 1285 786 1323 Manlio,
804 1295 891 1316 anno
906 1294 981 1326 497.
1019 1285 1182 1316 Amilcare
1198 1286 1366 1324 Carthagi·

491 1328 653 1358 niensium
677 1330 759 1359 duce
784 1329 889 1359 navali
916 1328 1028 1368 proelio
1049 1329 1146 1365 viGto,
1163 1329 1196 1358 in
1218 1328 1366 1360 Africam

490 1372 673 1401 exercitum
697 1371 830 1409 trajecit.
874 1372 966 1402 Duos
990 1371 1182 1402 Asdrubales
1206 1377 1238 1401 et
1258 1370 1366 1401 Amil-

490 1423 599 1444 carern
616 1416 685 1444 acie
701 1415 788 1445 vicit.
812 1413 984 1444 Proconsul
1000 1424 1019 1444 a
1035 1414 1366 1453 Carthaginiensibus,

488 1457 657 1497 Xantippo
684 1458 930 1487 Lacedaemonio
957 1458 1052 1493 duce,
1081 1457 1197 1488 ultima
1223 1457 1364 1496 pernicie

489 1500 605 1536 vielus,
622 1507 733 1538 captus
749 1501 804 1530 est.
841 1500 891 1530 Ab
907 1500 944 1530 iis
960 1501 998 1530 de
1015 1501 1147 1538 captivis
1170 1500 1365 1530 redimendis

486 1542 611 1581 juratus
628 1544 668 1572 ad
683 1544 830 1573 senatum
849 1543 971 1579 missus,
991 1543 1076 1573 reddi
1099 1543 1242 1582 captivos
1266 1551 1365 1581 nega-

489 1588 537 1616 vit
553 1587 631 1616 utile
647 1586 717 1616 effe.
763 1587 831 1625 Ipse
847 1596 950 1625 quum
966 1586 1193 1624 Carthaginem
1215 1585 1364 1622 rediiffet,

489 1629 654 1667 vigilando
677 1629 887 1658 crudeliffime
909 1630 953 1658 est
976 1636 1120 1660 necatus,
1164 1629 1248 1668 Epit.
1272 1628 1364 1659 xviii.

490 1671 603 1712 Polyb.
628 1672 647 1702 i.
693 1673 862 1711 Appianus
886 1672 918 1701 in
937 1672 1078 1702 Punicis.
1124 1671 1234 1701 Florus
1256 1670 1313 1700 lib.
1331 1670 1364 1702 ii.

493 1725 563 1754 cap.
580 1726 610 1745 2.
657 1715 778 1744 Gellius
796 1715 851 1744 lib.
868 1714 910 1745 vi.
927 1724 998 1753 cap.
1015 1724 1046 1753 4.
1092 1714 1203 1744 Cicero
1219 1714 1258 1743 de
1275 1713 1363 1742 Fini-

490 1758 551 1788 bus
568 1758 599 1787 ii.
617 1764 647 1787 et
663 1758 854 1787 Officiorum
871 1757 914 1787 iii.
961 1758 997 1787 ln
1022 1758 1189 1787 Pisonem:
1214 1757 1248 1786 in
1265 1756 1361 1786 Cato-

490 1810 543 1831 ne.
588 1800 732 1830 Valerius
755 1801 811 1830 lib.
828 1801 849 1830 i.
873 1809 943 1838 cap.
965 1810 992 1829 1.
1008 1806 1039 1829 et
1055 1800 1111 1830 lib.
1129 1800 1170 1829 iv.
1193 1809 1263 1838 cap.
1280 1808 1312 1838 4.
1328 1805 1362 1828 et

489 1843 546 1874 lib.
571 1844 615 1875 ix.
637 1853 708 1884 cap.
733 1854 763 1875 2.
809 1842 962 1874 Meminit
986 1843 1094 1872 Livius
1115 1841 1172 1873 lib.
1191 1842 1305 1873 xxviii.
1328 1848 1361 1871 et

492 1896 575 1918 xxx.

165 2054 216 2084 M.
240 2050 412 2082 ATILIUS
437 2049 484 2079 Μ.
510 2049 543 2078 F.
570 2048 616 2078 M.
640 2049 681 2078 N.
771 2049 808 2078 C.
827 2047 998 2078 ATILIUS
1023 2047 1071 2077 M.
1098 2048 1130 2077 F.
1156 2046 1204 2076 M.
1227 2045 1270 2076 N.
1287 2045 1361 2075 RE-

167 2103 344 2126 REGULUS.
390 2091 507 2122 Consul
539 2101 616 2120 cum
650 2092 682 2121 P.
773 2099 1105 2121 GULUSSERRANUS.
1144 2089 1261 2119 Consul
1281 2098 1358 2118 cuin

164 2137 304 2171 Valerii),
322 2146 408 2166 anno
425 2136 496 2174 526.
526 2134 684 2164 Caffiodo-
772 2134 830 2163 Cn.
849 2132 1010 2170 Cornelio,
1027 2143 1114 2163 anno
1130 2133 1204 2170 496.
1240 2131 1359 2161 Caffio·

165 2191 229 2211 της.
275 2179 396 2209 Gellius
420 2179 475 2207 lib.
496 2178 538 2207 iv.
562 2186 633 2215 cap.
650 2187 680 2214 3.
768 2177 874 2206 dorus.
913 2175 1061 2215 Polybius
1079 2178 1099 2205 i.
1142 2174 1284 2204 ValerIus
1301 2173 1358 2205 lib.

165 2223 283 2254 Consul
304 2232 346 2258 11,
363 2231 449 2251 anno
468 2222 541 2258 536.
579 2220 681 2249 Suffe—
769 2220 811 2248 iv,
840 2228 909 2257 cap.
934 2228 964 2257 4.
1010 2218 1125 2248 Consul
1148 2227 1189 2251 ιι,
1217 2225 1294 2245 cum
1322 2216 1356 2245 L,

165 2267 234 2296 ἕως
262 2267 295 2294 in
321 2265 431 2294 locum
460 2264 496 2294 C.
520 2262 681 2293 Flaminii.
770 2261 907 2296 Mamm,
925 2270 1010 2290 anno
1029 2270 1100 2299 ξος,
1147 2259 1356 2289 Cassiodorus.

165 2310 272 2340 Livius
286 2308 341 2338 lib.
355 2308 432 2338 xxii..
472 2305 588 2336 Censor
604 2314 681 2335 cum
768 2304 929 2344 Polybms.
960 2304 1087 2334 Orofiu>
1103 2303 1158 2333 lib.
1177 2303 1217 2331 iv.
1235 2310 1304 2340 cap.
1323 2303 1355 2329 8.
