<?xml version="1.0" encoding="UTF-8"?>
<!DOCTYPE html PUBLIC "-//W3C//DTD XHTML 1.0 Transitional//EN"
    "http://www.w3.org/TR/xhtml1/DTD/xhtml1-transitional.dtd">
<html xmlns="http://www.w3.org/1999/xhtml" xml:lang="en" lang="en">
 <head>
  <title>
</title>
<meta http-equiv="Content-Type" content="text/html;charset=utf-8" />
  <meta name='ocr-system' content='tesseract 3.04.00' />
  <meta name='ocr-capabilities' content='ocr_page ocr_carea ocr_par ocr_line ocrx_word'/>
</head>
<body>
  <div class='ocr_page' id='page_1' title='image "./historiarumquaes05livyuoft_0249.png"; bbox 0 0 1572 2616; ppageno 0'>
   <div class='ocr_carea' id='block_1_1' title="bbox 463 146 1366 191">
    <p class='ocr_par' dir='ltr' id='par_1_1' title="bbox 463 146 1366 191">
     <span class='ocr_line' id='line_1_1' title="bbox 463 146 1366 191; baseline 0.002 -14"><span class='ocrx_word' id='word_1_1' title='bbox 463 146 834 177; x_wconf 81' lang='lat' dir='ltr'>HISTORIARUM</span> <span class='ocrx_word' id='word_1_2' title='bbox 871 147 1076 177; x_wconf 83' lang='lat' dir='ltr'><strong>LIBROS·</strong></span> <span class='ocrx_word' id='word_1_3' title='bbox 1284 147 1366 191; x_wconf 76' lang='lat'>229</span> 
     </span>
    </p>
   </div>
   <div class='ocr_carea' id='block_1_2' title="bbox 158 226 1367 2405">
    <p class='ocr_par' dir='ltr' id='par_1_2' title="bbox 174 226 1142 268">
     <span class='ocr_line' id='line_1_2' title="bbox 174 226 1142 268; baseline -0.001 -10"><span class='ocrx_word' id='word_1_4' title='bbox 174 226 493 258; x_wconf 80' lang='lat' dir='ltr'>Senatusconsultum</span> <span class='ocrx_word' id='word_1_5' title='bbox 510 228 543 257; x_wconf 92' lang='lat' dir='ltr'>in</span> <span class='ocrx_word' id='word_1_6' title='bbox 556 228 690 267; x_wconf 85' lang='lat' dir='ltr'>gratiam</span> <span class='ocrx_word' id='word_1_7' title='bbox 706 226 999 264; x_wconf 79' lang='lat' dir='ltr'>Ambraciensium,</span> <span class='ocrx_word' id='word_1_8' title='bbox 1018 228 1072 267; x_wconf 87' lang='lat'>38,</span> <span class='ocrx_word' id='word_1_9' title='bbox 1089 236 1142 268; x_wconf 86' lang='lat'>44-</span> 
     </span>
    </p>

    <p class='ocr_par' dir='ltr' id='par_1_3' title="bbox 174 270 805 312">
     <span class='ocr_line' id='line_1_3' title="bbox 174 270 805 312; baseline 0.003 -13"><span class='ocrx_word' id='word_1_10' title='bbox 174 286 218 294; x_wconf 89' lang='lat'>—</span> <span class='ocrx_word' id='word_1_11' title='bbox 233 272 271 301; x_wconf 83' lang='lat' dir='ltr'>‹le</span> <span class='ocrx_word' id='word_1_12' title='bbox 285 270 551 312; x_wconf 71' lang='lat' dir='ltr'>Bacchanalibus,</span> <span class='ocrx_word' id='word_1_13' title='bbox 569 279 622 309; x_wconf 84' lang='lat'>39,</span> <span class='ocrx_word' id='word_1_14' title='bbox 639 271 689 300; x_wconf 86' lang='lat'>18.</span> <span class='ocrx_word' id='word_1_15' title='bbox 706 277 736 300; x_wconf 89' lang='lat' dir='ltr'>et</span> <span class='ocrx_word' id='word_1_16' title='bbox 756 280 805 311; x_wconf 91' lang='lat'>19.</span> 
     </span>
    </p>

    <p class='ocr_par' dir='ltr' id='par_1_4' title="bbox 174 313 562 351">
     <span class='ocr_line' id='line_1_4' title="bbox 174 313 562 351; baseline 0.003 -8"><span class='ocrx_word' id='word_1_17' title='bbox 174 329 218 336; x_wconf 92' lang='lat'><em>-</em></span> <span class='ocrx_word' id='word_1_18' title='bbox 233 314 272 343; x_wconf 91' lang='lat' dir='ltr'>de</span> <span class='ocrx_word' id='word_1_19' title='bbox 288 313 494 350; x_wconf 75' lang='lat' dir='ltr'>exercitibus,</span> <span class='ocrx_word' id='word_1_20' title='bbox 509 314 562 351; x_wconf 86' lang='lat'><strong><em>38.</em></strong></span> 
     </span>
    </p>

    <p class='ocr_par' dir='ltr' id='par_1_5' title="bbox 171 355 963 396">
     <span class='ocr_line' id='line_1_5' title="bbox 171 355 963 396; baseline 0 -10"><span class='ocrx_word' id='word_1_21' title='bbox 171 371 216 378; x_wconf 90' lang='lat'><strong>—</strong></span> <span class='ocrx_word' id='word_1_22' title='bbox 231 365 296 395; x_wconf 92' lang='lat' dir='ltr'>quo</span> <span class='ocrx_word' id='word_1_23' title='bbox 312 356 433 386; x_wconf 82' lang='lat' dir='ltr'>sublata</span> <span class='ocrx_word' id='word_1_24' title='bbox 449 356 581 386; x_wconf 88' lang='lat' dir='ltr'>comitia</span> <span class='ocrx_word' id='word_1_25' title='bbox 595 356 736 395; x_wconf 77' lang='lat' dir='ltr'>praetoris</span> <span class='ocrx_word' id='word_1_26' title='bbox 751 355 893 392; x_wconf 87' lang='lat' dir='ltr'>creandi,</span> <span class='ocrx_word' id='word_1_27' title='bbox 911 363 963 396; x_wconf 89' lang='lat'>39.</span> 
     </span>
    </p>

    <p class='ocr_par' dir='ltr' id='par_1_6' title="bbox 170 399 690 439">
     <span class='ocr_line' id='line_1_6' title="bbox 170 399 690 439; baseline 0.002 -11"><span class='ocrx_word' id='word_1_28' title='bbox 170 414 216 421; x_wconf 90' lang='lat'><strong>—</strong></span> <span class='ocrx_word' id='word_1_29' title='bbox 231 399 262 428; x_wconf 91' lang='lat' dir='ltr'>in</span> <span class='ocrx_word' id='word_1_30' title='bbox 279 399 436 429; x_wconf 82' lang='lat' dir='ltr'>honorem</span> <span class='ocrx_word' id='word_1_31' title='bbox 453 399 621 436; x_wconf 79' lang='lat' dir='ltr'>Demetrii,</span> <span class='ocrx_word' id='word_1_32' title='bbox 637 407 690 439; x_wconf 88' lang='lat'><strong><em>47.</em></strong></span> 
     </span>
    </p>

    <p class='ocr_par' dir='ltr' id='par_1_7' title="bbox 169 442 560 481">
     <span class='ocr_line' id='line_1_7' title="bbox 169 442 560 481; baseline 0.003 -10"><span class='ocrx_word' id='word_1_33' title='bbox 169 457 214 464; x_wconf 97' lang='lat'>—</span> <span class='ocrx_word' id='word_1_34' title='bbox 227 442 266 471; x_wconf 91' lang='lat' dir='ltr'>de</span> <span class='ocrx_word' id='word_1_35' title='bbox 280 442 414 478; x_wconf 88' lang='lat' dir='ltr'>Latinis,</span> <span class='ocrx_word' id='word_1_36' title='bbox 431 451 488 481; x_wconf 81' lang='lat'>41,</span> <span class='ocrx_word' id='word_1_37' title='bbox 512 450 560 480; x_wconf 85' lang='lat'><strong><em>13.</em></strong></span> 
     </span>
    </p>

    <p class='ocr_par' dir='ltr' id='par_1_8' title="bbox 167 483 1206 524">
     <span class='ocr_line' id='line_1_8' title="bbox 167 483 1206 524; baseline 0.001 -10"><span class='ocrx_word' id='word_1_38' title='bbox 167 499 214 507; x_wconf 89' lang='lat'>—</span> <span class='ocrx_word' id='word_1_39' title='bbox 228 484 267 514; x_wconf 93' lang='lat' dir='ltr'>de</span> <span class='ocrx_word' id='word_1_40' title='bbox 279 486 362 523; x_wconf 78' lang='lat' dir='ltr'>‘agris</span> <span class='ocrx_word' id='word_1_41' title='bbox 380 485 546 523; x_wconf 81' lang='lat' dir='ltr'>Ligustinis</span> <span class='ocrx_word' id='word_1_42' title='bbox 561 491 593 515; x_wconf 88' lang='lat' dir='ltr'>et</span> <span class='ocrx_word' id='word_1_43' title='bbox 609 484 742 515; x_wconf 80' lang='lat' dir='ltr'>Gallicis</span> <span class='ocrx_word' id='word_1_44' title='bbox 756 484 877 515; x_wconf 84' lang='lat' dir='ltr'>viritim</span> <span class='ocrx_word' id='word_1_45' title='bbox 893 483 1086 522; x_wconf 88' lang='lat' dir='ltr'>dividendis,</span> <span class='ocrx_word' id='word_1_46' title='bbox 1101 492 1160 524; x_wconf 86' lang='lat'>42,</span> <span class='ocrx_word' id='word_1_47' title='bbox 1173 493 1206 524; x_wconf 85' lang='lat'><strong><em>4.</em></strong></span> 
     </span>
    </p>

    <p class='ocr_par' dir='ltr' id='par_1_9' title="bbox 168 527 741 567">
     <span class='ocr_line' id='line_1_9' title="bbox 168 527 741 567; baseline 0.005 -11"><span class='ocrx_word' id='word_1_48' title='bbox 168 527 259 557; x_wconf 92' lang='lat' dir='ltr'>-in</span> <span class='ocrx_word' id='word_1_49' title='bbox 274 529 409 567; x_wconf 82' lang='lat' dir='ltr'>gratiam</span> <span class='ocrx_word' id='word_1_50' title='bbox 427 527 671 566; x_wconf 87' lang='lat' dir='ltr'>Statiellatium,</span> <span class='ocrx_word' id='word_1_51' title='bbox 690 538 741 559; x_wconf 89' lang='lat'>22.</span> 
     </span>
    </p>

    <p class='ocr_par' dir='ltr' id='par_1_10' title="bbox 169 570 621 609">
     <span class='ocr_line' id='line_1_10' title="bbox 169 570 621 609; baseline 0.009 -11"><span class='ocrx_word' id='word_1_52' title='bbox 169 584 213 592; x_wconf 93' lang='lat'>—</span> <span class='ocrx_word' id='word_1_53' title='bbox 227 570 266 599; x_wconf 90' lang='lat' dir='ltr'>de</span> <span class='ocrx_word' id='word_1_54' title='bbox 283 570 366 601; x_wconf 78' lang='lat' dir='ltr'>bello</span> <span class='ocrx_word' id='word_1_55' title='bbox 384 571 415 600; x_wconf 89' lang='lat' dir='ltr'>in</span> <span class='ocrx_word' id='word_1_56' title='bbox 432 571 550 607; x_wconf 85' lang='lat' dir='ltr'>Persea,</span> <span class='ocrx_word' id='word_1_57' title='bbox 570 580 621 609; x_wconf 76' lang='lat'>30.</span> 
     </span>
    </p>

    <p class='ocr_par' dir='ltr' id='par_1_11' title="bbox 167 611 1064 654">
     <span class='ocr_line' id='line_1_11' title="bbox 167 611 1064 654; baseline 0.002 -12"><span class='ocrx_word' id='word_1_58' title='bbox 167 627 212 635; x_wconf 93' lang='lat'><strong>—</strong></span> <span class='ocrx_word' id='word_1_59' title='bbox 228 622 293 651; x_wconf 91' lang='lat' dir='ltr'>quo</span> <span class='ocrx_word' id='word_1_60' title='bbox 308 613 403 643; x_wconf 81' lang='lat' dir='ltr'>Cares</span> <span class='ocrx_word' id='word_1_61' title='bbox 417 614 569 653; x_wconf 87' lang='lat' dir='ltr'>Lyciique</span> <span class='ocrx_word' id='word_1_62' title='bbox 582 615 738 652; x_wconf 79' lang='lat' dir='ltr'>jubentur</span> <span class='ocrx_word' id='word_1_63' title='bbox 752 612 812 643; x_wconf 78' lang='lat' dir='ltr'>effe</span> <span class='ocrx_word' id='word_1_64' title='bbox 827 611 995 653; x_wconf 88' lang='lat' dir='ltr'>liberi,44,</span> <span class='ocrx_word' id='word_1_65' title='bbox 1013 620 1064 654; x_wconf 82' lang='lat'>15.</span> 
     </span>
    </p>

    <p class='ocr_par' dir='ltr' id='par_1_12' title="bbox 167 656 843 696">
     <span class='ocr_line' id='line_1_12' title="bbox 167 656 843 696; baseline 0 -11"><span class='ocrx_word' id='word_1_66' title='bbox 167 670 211 677; x_wconf 91' lang='lat'>--</span> <span class='ocrx_word' id='word_1_67' title='bbox 226 656 264 685; x_wconf 90' lang='lat' dir='ltr'>de</span> <span class='ocrx_word' id='word_1_68' title='bbox 282 656 516 687; x_wconf 80' lang='lat' dir='ltr'>Macedonibus</span> <span class='ocrx_word' id='word_1_69' title='bbox 532 664 563 687; x_wconf 85' lang='lat' dir='ltr'>et</span> <span class='ocrx_word' id='word_1_70' title='bbox 580 656 706 696; x_wconf 82' lang='lat' dir='ltr'>Illyriis,</span> <span class='ocrx_word' id='word_1_71' title='bbox 723 666 778 696; x_wconf 83' lang='lat'>45,</span> <span class='ocrx_word' id='word_1_72' title='bbox 797 658 843 686; x_wconf 82' lang='lat'>18.</span> 
     </span>
    </p>

    <p class='ocr_par' dir='ltr' id='par_1_13' title="bbox 169 698 1031 738">
     <span class='ocr_line' id='line_1_13' title="bbox 169 698 1031 738; baseline 0.001 -11"><span class='ocrx_word' id='word_1_73' title='bbox 169 698 442 729; x_wconf 79' lang='lat' dir='ltr'>Senatusconsulti</span> <span class='ocrx_word' id='word_1_74' title='bbox 459 701 571 729; x_wconf 73' lang='lat' dir='ltr'>formae</span> <span class='ocrx_word' id='word_1_75' title='bbox 588 700 713 730; x_wconf 82' lang='lat' dir='ltr'>ultimae</span> <span class='ocrx_word' id='word_1_76' title='bbox 730 698 932 736; x_wconf 86' lang='lat' dir='ltr'>neceffitatis,</span> <span class='ocrx_word' id='word_1_77' title='bbox 951 709 982 737; x_wconf 90' lang='lat'>3,</span> <span class='ocrx_word' id='word_1_78' title='bbox 999 708 1031 738; x_wconf 87' lang='lat'><strong><em>4.</em></strong></span> 
     </span>
    </p>

    <p class='ocr_par' dir='ltr' id='par_1_14' title="bbox 169 739 1367 825">
     <span class='ocr_line' id='line_1_14' title="bbox 169 739 1367 782; baseline 0.001 -12"><span class='ocrx_word' id='word_1_79' title='bbox 169 740 449 772; x_wconf 78' lang='lat' dir='ltr'>Senatusconsulta</span> <span class='ocrx_word' id='word_1_80' title='bbox 465 743 498 772; x_wconf 89' lang='lat' dir='ltr'>in</span> <span class='ocrx_word' id='word_1_81' title='bbox 521 743 625 773; x_wconf 84' lang='lat' dir='ltr'>aedem</span> <span class='ocrx_word' id='word_1_82' title='bbox 641 743 761 772; x_wconf 86' lang='lat' dir='ltr'>Cereris</span> <span class='ocrx_word' id='word_1_83' title='bbox 777 744 816 771; x_wconf 89' lang='lat' dir='ltr'>ad</span> <span class='ocrx_word' id='word_1_84' title='bbox 833 742 940 772; x_wconf 81' lang='lat' dir='ltr'>aediles</span> <span class='ocrx_word' id='word_1_85' title='bbox 956 740 1058 781; x_wconf 89' lang='lat' dir='ltr'>plebis</span> <span class='ocrx_word' id='word_1_86' title='bbox 1073 739 1192 778; x_wconf 80' lang='lat' dir='ltr'>delata,</span> <span class='ocrx_word' id='word_1_87' title='bbox 1209 750 1240 780; x_wconf 85' lang='lat'>3,</span> <span class='ocrx_word' id='word_1_88' title='bbox 1258 747 1310 782; x_wconf 88' lang='lat'><strong><em>55.</em></strong></span> <span class='ocrx_word' id='word_1_89' title='bbox 1325 740 1367 771; x_wconf 85' lang='lat' dir='ltr'>ad</span> 
     </span>
     <span class='ocr_line' id='line_1_15' title="bbox 211 793 487 825; baseline 0.011 -12"><span class='ocrx_word' id='word_1_90' title='bbox 211 793 373 822; x_wconf 84' lang='lat' dir='ltr'>aeranum,</span> <span class='ocrx_word' id='word_1_91' title='bbox 389 794 442 825; x_wconf 83' lang='lat'>39,</span> <span class='ocrx_word' id='word_1_92' title='bbox 454 795 487 824; x_wconf 80' lang='lat'><strong><em>4.</em></strong></span> 
     </span>
    </p>

    <p class='ocr_par' dir='ltr' id='par_1_15' title="bbox 166 825 1103 868">
     <span class='ocr_line' id='line_1_16' title="bbox 166 825 1103 868; baseline 0.002 -12"><span class='ocrx_word' id='word_1_93' title='bbox 166 825 346 864; x_wconf 65' lang='lat' dir='ltr'>Senefitius,</span> <span class='ocrx_word' id='word_1_94' title='bbox 362 829 526 865; x_wconf 86' lang='lat' dir='ltr'>tribunus,</span> <span class='ocrx_word' id='word_1_95' title='bbox 545 828 684 858; x_wconf 88' lang='lat' dir='ltr'>civitatis</span> <span class='ocrx_word' id='word_1_96' title='bbox 700 828 908 864; x_wconf 87' lang='lat' dir='ltr'>Nerviorum,</span> <span class='ocrx_word' id='word_1_97' title='bbox 925 827 1011 866; x_wconf 88' lang='lat' dir='ltr'>Epit.</span> <span class='ocrx_word' id='word_1_98' title='bbox 1033 837 1103 868; x_wconf 87' lang='lat'><strong><em>139.</em></strong></span> 
     </span>
    </p>

    <p class='ocr_par' dir='ltr' id='par_1_16' title="bbox 165 868 1366 950">
     <span class='ocr_line' id='line_1_17' title="bbox 165 868 1366 911; baseline 0.002 -13"><span class='ocrx_word' id='word_1_99' title='bbox 165 869 264 900; x_wconf 86' lang='lat' dir='ltr'>Senes</span> <span class='ocrx_word' id='word_1_100' title='bbox 283 870 435 907; x_wconf 86' lang='lat' dir='ltr'>Romani,</span> <span class='ocrx_word' id='word_1_101' title='bbox 453 872 532 901; x_wconf 87' lang='lat' dir='ltr'>urbe</span> <span class='ocrx_word' id='word_1_102' title='bbox 547 878 654 911; x_wconf 92' lang='lat' dir='ltr'>capta,</span> <span class='ocrx_word' id='word_1_103' title='bbox 670 870 852 911; x_wconf 70' lang='lat' dir='ltr'>exspeStant</span> <span class='ocrx_word' id='word_1_104' title='bbox 868 871 956 900; x_wconf 89' lang='lat' dir='ltr'>domi</span> <span class='ocrx_word' id='word_1_105' title='bbox 973 877 1126 907; x_wconf 86' lang='lat' dir='ltr'>mortem,</span> <span class='ocrx_word' id='word_1_106' title='bbox 1142 878 1174 911; x_wconf 87' lang='lat'>5,</span> <span class='ocrx_word' id='word_1_107' title='bbox 1190 879 1244 911; x_wconf 85' lang='lat'>41.</span> <span class='ocrx_word' id='word_1_108' title='bbox 1269 868 1366 900; x_wconf 83' lang='lat' dir='ltr'>truci-</span> 
     </span>
     <span class='ocr_line' id='line_1_18' title="bbox 209 912 582 950; baseline 0.003 -8"><span class='ocrx_word' id='word_1_109' title='bbox 209 912 325 942; x_wconf 89' lang='lat' dir='ltr'>dantur</span> <span class='ocrx_word' id='word_1_110' title='bbox 340 923 358 942; x_wconf 88' lang='lat' dir='ltr'>a</span> <span class='ocrx_word' id='word_1_111' title='bbox 375 913 490 950; x_wconf 88' lang='lat' dir='ltr'>Gallis,</span> <span class='ocrx_word' id='word_1_112' title='bbox 511 914 582 943; x_wconf 83' lang='lat' dir='ltr'><em>ibid.</em></span> 
     </span>
    </p>

    <p class='ocr_par' dir='ltr' id='par_1_17' title="bbox 167 954 1363 1035">
     <span class='ocr_line' id='line_1_19' title="bbox 167 954 1363 997; baseline 0.001 -13"><span class='ocrx_word' id='word_1_113' title='bbox 167 954 314 985; x_wconf 86' lang='lat' dir='ltr'>Seniores</span> <span class='ocrx_word' id='word_1_114' title='bbox 331 956 431 986; x_wconf 72' lang='lat' dir='ltr'>coaffi</span> <span class='ocrx_word' id='word_1_115' title='bbox 448 958 584 987; x_wconf 88' lang='lat' dir='ltr'>nomina</span> <span class='ocrx_word' id='word_1_116' title='bbox 599 957 684 993; x_wconf 83' lang='lat' dir='ltr'>dare,</span> <span class='ocrx_word' id='word_1_117' title='bbox 702 963 738 987; x_wconf 94' lang='lat' dir='ltr'>ut</span> <span class='ocrx_word' id='word_1_118' title='bbox 753 962 851 995; x_wconf 81' lang='lat' dir='ltr'>agant</span> <span class='ocrx_word' id='word_1_119' title='bbox 866 955 952 986; x_wconf 92' lang='lat' dir='ltr'>urbis</span> <span class='ocrx_word' id='word_1_120' title='bbox 967 956 1160 994; x_wconf 82' lang='lat' dir='ltr'>custodiam,</span> <span class='ocrx_word' id='word_1_121' title='bbox 1178 963 1210 997; x_wconf 84' lang='lat'>5,</span> <span class='ocrx_word' id='word_1_122' title='bbox 1231 964 1279 987; x_wconf 86' lang='lat'>10.</span> <span class='ocrx_word' id='word_1_123' title='bbox 1295 954 1363 985; x_wconf 83' lang='lat' dir='ltr'>vid.</span> 
     </span>
     <span class='ocr_line' id='line_1_20' title="bbox 211 999 427 1035; baseline 0.014 -9"><span class='ocrx_word' id='word_1_124' title='bbox 211 1005 239 1026; x_wconf 84' lang='lat' dir='ltr'>et</span> <span class='ocrx_word' id='word_1_125' title='bbox 255 1000 287 1035; x_wconf 80' lang='lat'>6,</span> <span class='ocrx_word' id='word_1_126' title='bbox 305 1010 336 1029; x_wconf 63' lang='grc' dir='ltr'>ι.</span> <span class='ocrx_word' id='word_1_127' title='bbox 354 1006 381 1028; x_wconf 81' lang='lat' dir='ltr'>et</span> <span class='ocrx_word' id='word_1_128' title='bbox 397 999 427 1029; x_wconf 88' lang='lat'>6.</span> 
     </span>
    </p>

    <p class='ocr_par' dir='ltr' id='par_1_18' title="bbox 166 1039 764 1078">
     <span class='ocr_line' id='line_1_21' title="bbox 166 1039 764 1078; baseline 0.005 -9"><span class='ocrx_word' id='word_1_129' title='bbox 166 1039 339 1071; x_wconf 87' lang='lat' dir='ltr'>Seniomm</span> <span class='ocrx_word' id='word_1_130' title='bbox 356 1043 503 1072; x_wconf 87' lang='lat' dir='ltr'>cohortes</span> <span class='ocrx_word' id='word_1_131' title='bbox 520 1041 623 1078; x_wconf 67' lang='lat' dir='ltr'>faetae,</span> <span class='ocrx_word' id='word_1_132' title='bbox 647 1051 694 1076; x_wconf 89' lang='lat'>10,</span> <span class='ocrx_word' id='word_1_133' title='bbox 713 1051 764 1074; x_wconf 71' lang='grc' dir='ltr'>ιι.</span> 
     </span>
    </p>

    <p class='ocr_par' dir='ltr' id='par_1_19' title="bbox 166 1081 1367 1165">
     <span class='ocr_line' id='line_1_22' title="bbox 166 1081 1367 1125; baseline 0 -12"><span class='ocrx_word' id='word_1_134' title='bbox 166 1083 338 1114; x_wconf 89' lang='lat' dir='ltr'>Seniorum</span> <span class='ocrx_word' id='word_1_135' title='bbox 354 1085 482 1123; x_wconf 84' lang='lat' dir='ltr'>triginta</span> <span class='ocrx_word' id='word_1_136' title='bbox 505 1086 679 1125; x_wconf 86' lang='lat' dir='ltr'>principes,</span> <span class='ocrx_word' id='word_1_137' title='bbox 696 1085 783 1125; x_wconf 90' lang='lat' dir='ltr'>apud</span> <span class='ocrx_word' id='word_1_138' title='bbox 810 1083 1086 1124; x_wconf 63' lang='lat' dir='ltr'>Carthaginienses</span> <span class='ocrx_word' id='word_1_139' title='bbox 1110 1083 1246 1114; x_wconf 69' lang='lat' dir='ltr'>sanetius</span> <span class='ocrx_word' id='word_1_140' title='bbox 1262 1081 1367 1113; x_wconf 88' lang='lat' dir='ltr'>consi-</span> 
     </span>
     <span class='ocr_line' id='line_1_23' title="bbox 207 1126 442 1165; baseline 0.009 -9"><span class='ocrx_word' id='word_1_141' title='bbox 207 1126 302 1162; x_wconf 87' lang='lat' dir='ltr'>lium,</span> <span class='ocrx_word' id='word_1_142' title='bbox 322 1135 374 1165; x_wconf 86' lang='lat'>30,</span> <span class='ocrx_word' id='word_1_143' title='bbox 393 1129 442 1158; x_wconf 85' lang='lat'>16.</span> 
     </span>
    </p>

    <p class='ocr_par' dir='ltr' id='par_1_20' title="bbox 163 1167 1365 1251">
     <span class='ocr_line' id='line_1_24' title="bbox 163 1167 1365 1210; baseline 0.001 -12"><span class='ocrx_word' id='word_1_144' title='bbox 163 1167 306 1200; x_wconf 86' lang='lat' dir='ltr'>Senones</span> <span class='ocrx_word' id='word_1_145' title='bbox 330 1170 415 1200; x_wconf 87' lang='lat' dir='ltr'>Galli</span> <span class='ocrx_word' id='word_1_146' title='bbox 441 1170 585 1201; x_wconf 78' lang='lat' dir='ltr'>Clusium</span> <span class='ocrx_word' id='word_1_147' title='bbox 610 1177 641 1200; x_wconf 90' lang='lat' dir='ltr'>et</span> <span class='ocrx_word' id='word_1_148' title='bbox 664 1171 806 1201; x_wconf 87' lang='lat' dir='ltr'>Romam</span> <span class='ocrx_word' id='word_1_149' title='bbox 821 1171 969 1207; x_wconf 84' lang='lat' dir='ltr'>veniunt,</span> <span class='ocrx_word' id='word_1_150' title='bbox 988 1179 1018 1210; x_wconf 88' lang='lat'>5,</span> <span class='ocrx_word' id='word_1_151' title='bbox 1037 1176 1088 1209; x_wconf 87' lang='lat'><strong><em>35.</em></strong></span> <span class='ocrx_word' id='word_1_152' title='bbox 1104 1169 1171 1200; x_wconf 79' lang='lat' dir='ltr'>vid.</span> <span class='ocrx_word' id='word_1_153' title='bbox 1187 1169 1284 1200; x_wconf 82' lang='lat' dir='ltr'>Galli.</span> <span class='ocrx_word' id='word_1_154' title='bbox 1307 1169 1365 1199; x_wconf 82' lang='lat' dir='ltr'>Le-</span> 
     </span>
     <span class='ocr_line' id='line_1_25' title="bbox 208 1212 1165 1251; baseline 0.002 -10"><span class='ocrx_word' id='word_1_155' title='bbox 208 1212 339 1250; x_wconf 86' lang='lat' dir='ltr'>gionem</span> <span class='ocrx_word' id='word_1_156' title='bbox 357 1213 539 1243; x_wconf 87' lang='lat' dir='ltr'>Romanam</span> <span class='ocrx_word' id='word_1_157' title='bbox 563 1215 838 1251; x_wconf 85' lang='lat' dir='ltr'>circumveniunt,</span> <span class='ocrx_word' id='word_1_158' title='bbox 855 1220 886 1244; x_wconf 87' lang='lat' dir='ltr'>et</span> <span class='ocrx_word' id='word_1_159' title='bbox 901 1213 1021 1249; x_wconf 88' lang='lat' dir='ltr'>delent,</span> <span class='ocrx_word' id='word_1_160' title='bbox 1042 1222 1094 1250; x_wconf 85' lang='lat'>10,</span> <span class='ocrx_word' id='word_1_161' title='bbox 1112 1214 1165 1244; x_wconf 87' lang='lat'><strong><em>26.</em></strong></span> 
     </span>
    </p>

    <p class='ocr_par' dir='ltr' id='par_1_21' title="bbox 164 1253 668 1295">
     <span class='ocr_line' id='line_1_26' title="bbox 164 1253 668 1295; baseline 0.008 -12"><span class='ocrx_word' id='word_1_162' title='bbox 164 1253 314 1285; x_wconf 79' lang='lat' dir='ltr'>Sentinas</span> <span class='ocrx_word' id='word_1_163' title='bbox 329 1265 414 1295; x_wconf 84' lang='lat' dir='ltr'>ager,</span> <span class='ocrx_word' id='word_1_164' title='bbox 436 1266 486 1293; x_wconf 87' lang='grc' dir='ltr'>ιο,</span> <span class='ocrx_word' id='word_1_165' title='bbox 505 1264 555 1294; x_wconf 87' lang='lat'><strong><em>27.</em></strong></span> <span class='ocrx_word' id='word_1_166' title='bbox 573 1263 603 1286; x_wconf 85' lang='lat' dir='ltr'>et</span> <span class='ocrx_word' id='word_1_167' title='bbox 617 1266 668 1295; x_wconf 85' lang='lat'><strong><em>30.</em></strong></span> 
     </span>
    </p>

    <p class='ocr_par' dir='ltr' id='par_1_22' title="bbox 163 1296 528 1337">
     <span class='ocr_line' id='line_1_27' title="bbox 163 1296 528 1337; baseline 0.005 -10"><span class='ocrx_word' id='word_1_168' title='bbox 163 1296 202 1326; x_wconf 93' lang='lat' dir='ltr'>C.</span> <span class='ocrx_word' id='word_1_169' title='bbox 219 1298 361 1335; x_wconf 91' lang='lat' dir='ltr'>Sentius,</span> <span class='ocrx_word' id='word_1_170' title='bbox 379 1299 462 1337; x_wconf 82' lang='lat' dir='ltr'>Epit.</span> <span class='ocrx_word' id='word_1_171' title='bbox 478 1308 528 1336; x_wconf 88' lang='lat'>70.</span> 
     </span>
    </p>

    <p class='ocr_par' dir='ltr' id='par_1_23' title="bbox 164 1339 1365 1422">
     <span class='ocr_line' id='line_1_28' title="bbox 164 1339 1365 1380; baseline 0.002 -12"><span class='ocrx_word' id='word_1_172' title='bbox 164 1339 321 1378; x_wconf 85' lang='lat' dir='ltr'>Sepinum</span> <span class='ocrx_word' id='word_1_173' title='bbox 340 1342 372 1370; x_wconf 86' lang='lat' dir='ltr'>in</span> <span class='ocrx_word' id='word_1_174' title='bbox 389 1342 524 1372; x_wconf 81' lang='lat' dir='ltr'>Samnio</span> <span class='ocrx_word' id='word_1_175' title='bbox 540 1351 558 1371; x_wconf 87' lang='lat' dir='ltr'>a</span> <span class='ocrx_word' id='word_1_176' title='bbox 582 1342 616 1371; x_wconf 94' lang='lat' dir='ltr'>L.</span> <span class='ocrx_word' id='word_1_177' title='bbox 634 1341 774 1380; x_wconf 84' lang='lat' dir='ltr'>Papirio,</span> <span class='ocrx_word' id='word_1_178' title='bbox 793 1340 937 1378; x_wconf 88' lang='lat' dir='ltr'>consule,</span> <span class='ocrx_word' id='word_1_179' title='bbox 953 1346 1170 1380; x_wconf 85' lang='lat' dir='ltr'>expugnatur,</span> <span class='ocrx_word' id='word_1_180' title='bbox 1188 1349 1240 1376; x_wconf 76' lang='grc' dir='ltr'>ιο,</span> <span class='ocrx_word' id='word_1_181' title='bbox 1255 1348 1309 1379; x_wconf 88' lang='lat'>44.</span> <span class='ocrx_word' id='word_1_182' title='bbox 1333 1345 1365 1369; x_wconf 89' lang='lat' dir='ltr'>et</span> 
     </span>
     <span class='ocr_line' id='line_1_29' title="bbox 207 1389 259 1422; baseline 0.019 -1"><span class='ocrx_word' id='word_1_183' title='bbox 207 1389 259 1422; x_wconf 82' lang='lat'>45-</span> 
     </span>
    </p>

    <p class='ocr_par' dir='ltr' id='par_1_24' title="bbox 162 1425 1364 1509">
     <span class='ocr_line' id='line_1_30' title="bbox 162 1425 1364 1466; baseline -0.002 -10"><span class='ocrx_word' id='word_1_184' title='bbox 162 1425 300 1464; x_wconf 82' lang='lat' dir='ltr'>Seppius</span> <span class='ocrx_word' id='word_1_185' title='bbox 327 1425 434 1456; x_wconf 81' lang='lat' dir='ltr'>Lefius</span> <span class='ocrx_word' id='word_1_186' title='bbox 461 1426 629 1457; x_wconf 90' lang='lat' dir='ltr'>summum</span> <span class='ocrx_word' id='word_1_187' title='bbox 654 1426 775 1466; x_wconf 83' lang='lat' dir='ltr'>Capuae</span> <span class='ocrx_word' id='word_1_188' title='bbox 797 1427 1020 1465; x_wconf 86' lang='lat' dir='ltr'>magistratum</span> <span class='ocrx_word' id='word_1_189' title='bbox 1049 1425 1184 1455; x_wconf 87' lang='lat' dir='ltr'>ultimus</span> <span class='ocrx_word' id='word_1_190' title='bbox 1209 1425 1364 1454; x_wconf 89' lang='lat' dir='ltr'>omnium</span> 
     </span>
     <span class='ocr_line' id='line_1_31' title="bbox 205 1468 878 1509; baseline 0 -11"><span class='ocrx_word' id='word_1_191' title='bbox 205 1468 450 1507; x_wconf 80' lang='lat' dir='ltr'>Campanorum</span> <span class='ocrx_word' id='word_1_192' title='bbox 469 1470 568 1509; x_wconf 86' lang='lat' dir='ltr'>capit,</span> <span class='ocrx_word' id='word_1_193' title='bbox 587 1470 641 1506; x_wconf 85' lang='lat'>26,</span> <span class='ocrx_word' id='word_1_194' title='bbox 659 1470 690 1499; x_wconf 88' lang='lat'><strong><em>6.</em></strong></span> <span class='ocrx_word' id='word_1_195' title='bbox 703 1469 768 1499; x_wconf 81' lang='lat' dir='ltr'>vid.</span> <span class='ocrx_word' id='word_1_196' title='bbox 783 1475 810 1498; x_wconf 83' lang='lat' dir='ltr'>et</span> <span class='ocrx_word' id='word_1_197' title='bbox 831 1478 878 1507; x_wconf 81' lang='lat'>13.</span> 
     </span>
    </p>

    <p class='ocr_par' dir='ltr' id='par_1_25' title="bbox 163 1508 1364 1593">
     <span class='ocr_line' id='line_1_32' title="bbox 163 1508 1364 1552; baseline -0.001 -12"><span class='ocrx_word' id='word_1_198' title='bbox 163 1511 405 1550; x_wconf 83' lang='lat' dir='ltr'>Septembribus</span> <span class='ocrx_word' id='word_1_199' title='bbox 423 1512 526 1542; x_wconf 88' lang='lat' dir='ltr'>idibus</span> <span class='ocrx_word' id='word_1_200' title='bbox 542 1519 657 1552; x_wconf 84' lang='lat' dir='ltr'>praetor</span> <span class='ocrx_word' id='word_1_201' title='bbox 674 1512 840 1542; x_wconf 87' lang='lat' dir='ltr'>maximus</span> <span class='ocrx_word' id='word_1_202' title='bbox 856 1512 986 1542; x_wconf 89' lang='lat' dir='ltr'>clavum</span> <span class='ocrx_word' id='word_1_203' title='bbox 1003 1520 1140 1550; x_wconf 86' lang='lat' dir='ltr'>pangere</span> <span class='ocrx_word' id='word_1_204' title='bbox 1157 1511 1279 1540; x_wconf 82' lang='lat' dir='ltr'>vetusta</span> <span class='ocrx_word' id='word_1_205' title='bbox 1294 1508 1364 1548; x_wconf 82' lang='lat' dir='ltr'>lege</span> 
     </span>
     <span class='ocr_line' id='line_1_33' title="bbox 205 1553 417 1593; baseline 0.005 -10"><span class='ocrx_word' id='word_1_206' title='bbox 205 1553 320 1591; x_wconf 65' lang='lat' dir='ltr'>jussus,</span> <span class='ocrx_word' id='word_1_207' title='bbox 338 1563 369 1591; x_wconf 89' lang='lat'>7,</span> <span class='ocrx_word' id='word_1_208' title='bbox 388 1564 417 1593; x_wconf 86' lang='lat'><strong><em>3.</em></strong></span> 
     </span>
    </p>

    <p class='ocr_par' dir='ltr' id='par_1_26' title="bbox 161 1595 1341 1637">
     <span class='ocr_line' id='line_1_34' title="bbox 161 1595 1341 1637; baseline -0.001 -11"><span class='ocrx_word' id='word_1_209' title='bbox 161 1596 401 1635; x_wconf 80' lang='lat' dir='ltr'>Septemdecim</span> <span class='ocrx_word' id='word_1_210' title='bbox 417 1606 518 1627; x_wconf 87' lang='lat' dir='ltr'>annos</span> <span class='ocrx_word' id='word_1_211' title='bbox 535 1598 615 1634; x_wconf 89' lang='lat' dir='ltr'>nati,</span> <span class='ocrx_word' id='word_1_212' title='bbox 633 1598 688 1637; x_wconf 83' lang='lat' dir='ltr'>qui</span> <span class='ocrx_word' id='word_1_213' title='bbox 706 1606 772 1627; x_wconf 90' lang='lat' dir='ltr'>non</span> <span class='ocrx_word' id='word_1_214' title='bbox 790 1596 980 1633; x_wconf 83' lang='lat' dir='ltr'>militarant,</span> <span class='ocrx_word' id='word_1_215' title='bbox 997 1597 1097 1626; x_wconf 80' lang='lat' dir='ltr'>aerarii</span> <span class='ocrx_word' id='word_1_216' title='bbox 1115 1595 1200 1632; x_wconf 64' lang='lat' dir='ltr'>facti,</span> <span class='ocrx_word' id='word_1_217' title='bbox 1218 1603 1270 1632; x_wconf 86' lang='lat'>27,</span> <span class='ocrx_word' id='word_1_218' title='bbox 1291 1605 1301 1625; x_wconf 87' lang='grc' dir='ltr'><strong>ι</strong></span> <span class='ocrx_word' id='word_1_219' title='bbox 1314 1605 1341 1625; x_wconf 87' lang='lat'><strong><em>1.</em></strong></span> 
     </span>
    </p>

    <p class='ocr_par' dir='ltr' id='par_1_27' title="bbox 162 1638 1362 1722">
     <span class='ocr_line' id='line_1_35' title="bbox 162 1638 1362 1679; baseline 0 -11"><span class='ocrx_word' id='word_1_220' title='bbox 162 1639 353 1678; x_wconf 84' lang='lat' dir='ltr'>Sepulcrum</span> <span class='ocrx_word' id='word_1_221' title='bbox 371 1641 513 1670; x_wconf 90' lang='lat' dir='ltr'>dirutum</span> <span class='ocrx_word' id='word_1_222' title='bbox 532 1641 564 1670; x_wconf 90' lang='lat' dir='ltr'>in</span> <span class='ocrx_word' id='word_1_223' title='bbox 588 1650 642 1670; x_wconf 87' lang='lat' dir='ltr'>ora</span> <span class='ocrx_word' id='word_1_224' title='bbox 664 1641 781 1670; x_wconf 82' lang='lat' dir='ltr'>Africae</span> <span class='ocrx_word' id='word_1_225' title='bbox 800 1650 856 1679; x_wconf 92' lang='lat' dir='ltr'>pro</span> <span class='ocrx_word' id='word_1_226' title='bbox 872 1639 959 1670; x_wconf 89' lang='lat' dir='ltr'>malo</span> <span class='ocrx_word' id='word_1_227' title='bbox 975 1640 1086 1669; x_wconf 88' lang='lat' dir='ltr'>omine</span> <span class='ocrx_word' id='word_1_228' title='bbox 1102 1641 1221 1669; x_wconf 85' lang='lat' dir='ltr'>vitatur</span> <span class='ocrx_word' id='word_1_229' title='bbox 1236 1638 1276 1668; x_wconf 86' lang='lat' dir='ltr'>ab</span> <span class='ocrx_word' id='word_1_230' title='bbox 1292 1639 1362 1668; x_wconf 87' lang='lat' dir='ltr'>An·</span> 
     </span>
     <span class='ocr_line' id='line_1_36' title="bbox 205 1682 469 1722; baseline 0.008 -11"><span class='ocrx_word' id='word_1_231' title='bbox 205 1682 327 1720; x_wconf 63' lang='lat' dir='ltr'>nibede,</span> <span class='ocrx_word' id='word_1_232' title='bbox 347 1691 400 1720; x_wconf 86' lang='lat'>30,</span> <span class='ocrx_word' id='word_1_233' title='bbox 418 1692 469 1722; x_wconf 81' lang='lat'><strong><em>25.</em></strong></span> 
     </span>
    </p>

    <p class='ocr_par' dir='ltr' id='par_1_28' title="bbox 161 1723 1362 1806">
     <span class='ocr_line' id='line_1_37' title="bbox 161 1723 1362 1765; baseline -0.001 -11"><span class='ocrx_word' id='word_1_234' title='bbox 161 1724 313 1762; x_wconf 90' lang='lat' dir='ltr'>Sepulcra</span> <span class='ocrx_word' id='word_1_235' title='bbox 327 1726 430 1754; x_wconf 86' lang='lat' dir='ltr'>diruta</span> <span class='ocrx_word' id='word_1_236' title='bbox 444 1725 580 1755; x_wconf 82' lang='lat' dir='ltr'>Athenis</span> <span class='ocrx_word' id='word_1_237' title='bbox 598 1735 615 1754; x_wconf 90' lang='lat' dir='ltr'>a</span> <span class='ocrx_word' id='word_1_238' title='bbox 631 1725 794 1765; x_wconf 87' lang='lat' dir='ltr'>Philippo,</span> <span class='ocrx_word' id='word_1_239' title='bbox 812 1734 865 1763; x_wconf 87' lang='lat'>31,</span> <span class='ocrx_word' id='word_1_240' title='bbox 884 1735 936 1765; x_wconf 87' lang='lat'>24.</span> <span class='ocrx_word' id='word_1_241' title='bbox 961 1724 1053 1764; x_wconf 89' lang='lat' dir='ltr'>super</span> <span class='ocrx_word' id='word_1_242' title='bbox 1067 1733 1105 1754; x_wconf 92' lang='lat' dir='ltr'>ea</span> <span class='ocrx_word' id='word_1_243' title='bbox 1127 1734 1159 1755; x_wconf 90' lang='lat' dir='ltr'>re</span> <span class='ocrx_word' id='word_1_244' title='bbox 1181 1723 1362 1754; x_wconf 89' lang='lat' dir='ltr'>Athenien-</span> 
     </span>
     <span class='ocr_line' id='line_1_38' title="bbox 209 1766 527 1806; baseline 0.006 -11"><span class='ocrx_word' id='word_1_245' title='bbox 209 1766 288 1796; x_wconf 84' lang='lat' dir='ltr'>fium</span> <span class='ocrx_word' id='word_1_246' title='bbox 307 1767 458 1806; x_wconf 66' lang='lat' dir='ltr'>querelae,</span> <span class='ocrx_word' id='word_1_247' title='bbox 477 1777 527 1805; x_wconf 81' lang='lat'><strong><em>30.</em></strong></span> 
     </span>
    </p>

    <p class='ocr_par' dir='ltr' id='par_1_29' title="bbox 162 1808 605 1849">
     <span class='ocr_line' id='line_1_39' title="bbox 162 1808 605 1849; baseline 0.002 -11"><span class='ocrx_word' id='word_1_248' title='bbox 162 1808 316 1847; x_wconf 85' lang='lat' dir='ltr'>Sequani,</span> <span class='ocrx_word' id='word_1_249' title='bbox 335 1820 408 1848; x_wconf 80' lang='lat' dir='ltr'>pop.</span> <span class='ocrx_word' id='word_1_250' title='bbox 429 1810 512 1849; x_wconf 84' lang='lat' dir='ltr'>Epit.</span> <span class='ocrx_word' id='word_1_251' title='bbox 535 1818 605 1848; x_wconf 82' lang='lat'><strong><em>104.</em></strong></span> 
     </span>
    </p>

    <p class='ocr_par' dir='ltr' id='par_1_30' title="bbox 160 1851 1229 1891">
     <span class='ocr_line' id='line_1_40' title="bbox 160 1851 1229 1891; baseline -0.002 -10"><span class='ocrx_word' id='word_1_252' title='bbox 160 1852 268 1890; x_wconf 85' lang='lat' dir='ltr'>Sergia</span> <span class='ocrx_word' id='word_1_253' title='bbox 283 1853 438 1888; x_wconf 76' lang='lat' dir='ltr'>venefica,</span> <span class='ocrx_word' id='word_1_254' title='bbox 456 1854 509 1881; x_wconf 84' lang='lat' dir='ltr'>suo</span> <span class='ocrx_word' id='word_1_255' title='bbox 527 1853 590 1891; x_wconf 74' lang='lat' dir='ltr'>ipia</span> <span class='ocrx_word' id='word_1_256' title='bbox 606 1858 701 1891; x_wconf 88' lang='lat' dir='ltr'>epoto</span> <span class='ocrx_word' id='word_1_257' title='bbox 718 1852 971 1886; x_wconf 75' lang='lat' dir='ltr'>medicamento,</span> <span class='ocrx_word' id='word_1_258' title='bbox 989 1851 1108 1887; x_wconf 87' lang='lat' dir='ltr'>interit,</span> <span class='ocrx_word' id='word_1_259' title='bbox 1127 1852 1160 1889; x_wconf 92' lang='lat'>8,</span> <span class='ocrx_word' id='word_1_260' title='bbox 1180 1852 1229 1881; x_wconf 87' lang='lat'>18.</span> 
     </span>
    </p>

    <p class='ocr_par' dir='ltr' id='par_1_31' title="bbox 159 1894 1360 1974">
     <span class='ocr_line' id='line_1_41' title="bbox 159 1894 1360 1934; baseline 0 -10"><span class='ocrx_word' id='word_1_261' title='bbox 159 1895 196 1924; x_wconf 91' lang='lat' dir='ltr'>C.</span> <span class='ocrx_word' id='word_1_262' title='bbox 213 1895 350 1933; x_wconf 73' lang='lat' dir='ltr'>Sergius,</span> <span class='ocrx_word' id='word_1_263' title='bbox 369 1897 514 1924; x_wconf 74' lang='lat' dir='ltr'>tribunus</span> <span class='ocrx_word' id='word_1_264' title='bbox 533 1894 674 1924; x_wconf 90' lang='lat' dir='ltr'>militum</span> <span class='ocrx_word' id='word_1_265' title='bbox 697 1895 853 1924; x_wconf 81' lang='lat' dir='ltr'>consulari</span> <span class='ocrx_word' id='word_1_266' title='bbox 881 1895 1045 1934; x_wconf 86' lang='lat' dir='ltr'>potestate,</span> <span class='ocrx_word' id='word_1_267' title='bbox 1060 1896 1092 1930; x_wconf 88' lang='lat'>6,</span> <span class='ocrx_word' id='word_1_268' title='bbox 1110 1902 1140 1934; x_wconf 87' lang='lat'><strong><em>5.</em></strong></span> <span class='ocrx_word' id='word_1_269' title='bbox 1167 1894 1294 1927; x_wconf 86' lang='lat' dir='ltr'>iterum,</span> <span class='ocrx_word' id='word_1_270' title='bbox 1312 1903 1360 1924; x_wconf 86' lang='lat'>11.</span> 
     </span>
     <span class='ocr_line' id='line_1_42' title="bbox 207 1944 421 1974; baseline 0 -7"><span class='ocrx_word' id='word_1_271' title='bbox 207 1944 351 1973; x_wconf 81' lang='lat' dir='ltr'>tertium,</span> <span class='ocrx_word' id='word_1_272' title='bbox 371 1946 421 1974; x_wconf 85' lang='lat'><strong><em>27.</em></strong></span> 
     </span>
    </p>

    <p class='ocr_par' dir='ltr' id='par_1_32' title="bbox 160 1979 1359 2062">
     <span class='ocr_line' id='line_1_43' title="bbox 160 1979 1359 2019; baseline 0 -10"><span class='ocrx_word' id='word_1_273' title='bbox 160 1979 221 2010; x_wconf 90' lang='lat' dir='ltr'>Cn.</span> <span class='ocrx_word' id='word_1_274' title='bbox 239 1980 366 2018; x_wconf 77' lang='lat' dir='ltr'>Sergius</span> <span class='ocrx_word' id='word_1_275' title='bbox 383 1980 532 2017; x_wconf 84' lang='lat' dir='ltr'>Plancus,</span> <span class='ocrx_word' id='word_1_276' title='bbox 559 1986 684 2019; x_wconf 72' lang='lat' dir='ltr'>praetor,</span> <span class='ocrx_word' id='word_1_277' title='bbox 708 1988 761 2017; x_wconf 85' lang='lat'>31,</span> <span class='ocrx_word' id='word_1_278' title='bbox 789 1989 821 2019; x_wconf 91' lang='lat'>4.</span> <span class='ocrx_word' id='word_1_279' title='bbox 845 1979 970 2010; x_wconf 89' lang='lat' dir='ltr'>sortitur</span> <span class='ocrx_word' id='word_1_280' title='bbox 991 1979 1247 2018; x_wconf 63' lang='lat' dir='ltr'>jurisdictionem</span> <span class='ocrx_word' id='word_1_281' title='bbox 1264 1979 1359 2009; x_wconf 86' lang='lat' dir='ltr'>urba-</span> 
     </span>
     <span class='ocr_line' id='line_1_44' title="bbox 204 2023 934 2062; baseline 0 -10"><span class='ocrx_word' id='word_1_282' title='bbox 204 2031 295 2059; x_wconf 85' lang='lat' dir='ltr'>nam,</span> <span class='ocrx_word' id='word_1_283' title='bbox 314 2024 343 2052; x_wconf 92' lang='lat'>6.</span> <span class='ocrx_word' id='word_1_284' title='bbox 360 2024 386 2052; x_wconf 82' lang='lat' dir='ltr'>ci</span> <span class='ocrx_word' id='word_1_285' title='bbox 407 2029 609 2062; x_wconf 83' lang='lat' dir='ltr'>prorogatum</span> <span class='ocrx_word' id='word_1_286' title='bbox 630 2023 816 2061; x_wconf 89' lang='lat' dir='ltr'>imperium,</span> <span class='ocrx_word' id='word_1_287' title='bbox 836 2032 888 2060; x_wconf 85' lang='lat'>32,</span> <span class='ocrx_word' id='word_1_288' title='bbox 910 2033 934 2052; x_wconf 85' lang='lat'><strong><em>1.</em></strong></span> 
     </span>
    </p>

    <p class='ocr_par' dir='ltr' id='par_1_33' title="bbox 162 2063 1361 2147">
     <span class='ocr_line' id='line_1_45' title="bbox 162 2063 1361 2104; baseline 0.001 -11"><span class='ocrx_word' id='word_1_289' title='bbox 162 2064 196 2093; x_wconf 92' lang='lat' dir='ltr'>L.</span> <span class='ocrx_word' id='word_1_290' title='bbox 220 2064 361 2104; x_wconf 79' lang='lat' dir='ltr'>Sergius,</span> <span class='ocrx_word' id='word_1_291' title='bbox 387 2066 521 2104; x_wconf 72' lang='lat' dir='ltr'>legatus,</span> <span class='ocrx_word' id='word_1_292' title='bbox 548 2075 678 2095; x_wconf 83' lang='lat' dir='ltr'>auream</span> <span class='ocrx_word' id='word_1_293' title='bbox 709 2071 865 2095; x_wconf 76' lang='lat' dir='ltr'>crateram</span> <span class='ocrx_word' id='word_1_294' title='bbox 896 2066 1020 2095; x_wconf 80' lang='lat' dir='ltr'>donum</span> <span class='ocrx_word' id='word_1_295' title='bbox 1052 2063 1193 2104; x_wconf 86' lang='lat' dir='ltr'>Apollini</span> <span class='ocrx_word' id='word_1_296' title='bbox 1215 2063 1361 2103; x_wconf 85' lang='lat' dir='ltr'>Delphos</span> 
     </span>
     <span class='ocr_line' id='line_1_46' title="bbox 204 2106 1288 2147; baseline 0.001 -12"><span class='ocrx_word' id='word_1_297' title='bbox 204 2106 273 2143; x_wconf 79' lang='lat' dir='ltr'>fert,</span> <span class='ocrx_word' id='word_1_298' title='bbox 292 2118 322 2146; x_wconf 73' lang='lat'>5,</span> <span class='ocrx_word' id='word_1_299' title='bbox 342 2108 393 2138; x_wconf 74' lang='lat'>28.</span> <span class='ocrx_word' id='word_1_300' title='bbox 419 2119 436 2138; x_wconf 91' lang='lat' dir='ltr'>a</span> <span class='ocrx_word' id='word_1_301' title='bbox 454 2109 670 2147; x_wconf 74' lang='lat' dir='ltr'>Liparenfium</span> <span class='ocrx_word' id='word_1_302' title='bbox 690 2108 799 2147; x_wconf 85' lang='lat' dir='ltr'>piratis</span> <span class='ocrx_word' id='word_1_303' title='bbox 812 2115 980 2147; x_wconf 65' lang='lat' dir='ltr'>excomm,</span> <span class='ocrx_word' id='word_1_304' title='bbox 996 2115 1027 2138; x_wconf 88' lang='lat' dir='ltr'>et</span> <span class='ocrx_word' id='word_1_305' title='bbox 1043 2107 1202 2142; x_wconf 72' lang='lat' dir='ltr'>dimissus,</span> <span class='ocrx_word' id='word_1_306' title='bbox 1217 2107 1288 2136; x_wconf 82' lang='lat' dir='ltr'>ibid.</span> 
     </span>
    </p>

    <p class='ocr_par' dir='ltr' id='par_1_34' title="bbox 164 2147 1360 2278">
     <span class='ocr_line' id='line_1_47' title="bbox 164 2147 1359 2189; baseline 0.001 -12"><span class='ocrx_word' id='word_1_307' title='bbox 164 2147 197 2177; x_wconf 93' lang='lat' dir='ltr'>L.</span> <span class='ocrx_word' id='word_1_308' title='bbox 214 2148 342 2188; x_wconf 81' lang='lat' dir='ltr'>Sergius</span> <span class='ocrx_word' id='word_1_309' title='bbox 362 2151 506 2186; x_wconf 76' lang='lat' dir='ltr'>Fidenas,</span> <span class='ocrx_word' id='word_1_310' title='bbox 521 2151 646 2187; x_wconf 86' lang='lat' dir='ltr'>consul,</span> <span class='ocrx_word' id='word_1_311' title='bbox 664 2160 697 2189; x_wconf 86' lang='lat'>4,</span> <span class='ocrx_word' id='word_1_312' title='bbox 720 2160 767 2187; x_wconf 88' lang='lat'>¹7·</span> <span class='ocrx_word' id='word_1_313' title='bbox 793 2153 940 2181; x_wconf 83' lang='lat' dir='ltr'>tribunus</span> <span class='ocrx_word' id='word_1_314' title='bbox 963 2151 1105 2180; x_wconf 86' lang='lat' dir='ltr'>militum</span> <span class='ocrx_word' id='word_1_315' title='bbox 1129 2150 1284 2180; x_wconf 84' lang='lat' dir='ltr'>consulari</span> <span class='ocrx_word' id='word_1_316' title='bbox 1301 2158 1359 2188; x_wconf 89' lang='lat' dir='ltr'>po-</span> 
     </span>
     <span class='ocr_line' id='line_1_48' title="bbox 204 2191 1360 2232; baseline 0.002 -12"><span class='ocrx_word' id='word_1_317' title='bbox 204 2192 325 2228; x_wconf 76' lang='lat' dir='ltr'>testate,</span> <span class='ocrx_word' id='word_1_318' title='bbox 343 2201 392 2232; x_wconf 83' lang='lat'><strong><em>25.</em></strong></span> <span class='ocrx_word' id='word_1_319' title='bbox 410 2194 525 2223; x_wconf 86' lang='lat' dir='ltr'>iterum</span> <span class='ocrx_word' id='word_1_320' title='bbox 542 2193 664 2227; x_wconf 83' lang='lat' dir='ltr'>coniul,</span> <span class='ocrx_word' id='word_1_321' title='bbox 681 2202 732 2231; x_wconf 87' lang='lat'>30.</span> <span class='ocrx_word' id='word_1_322' title='bbox 748 2195 863 2223; x_wconf 78' lang='lat' dir='ltr'>iteruin</span> <span class='ocrx_word' id='word_1_323' title='bbox 878 2194 1026 2224; x_wconf 81' lang='lat' dir='ltr'>tribunus</span> <span class='ocrx_word' id='word_1_324' title='bbox 1043 2193 1186 2224; x_wconf 86' lang='lat' dir='ltr'>militum</span> <span class='ocrx_word' id='word_1_325' title='bbox 1201 2191 1360 2224; x_wconf 81' lang='lat' dir='ltr'>consulari</span> 
     </span>
     <span class='ocr_line' id='line_1_49' title="bbox 207 2235 998 2278; baseline 0.006 -16"><span class='ocrx_word' id='word_1_326' title='bbox 207 2235 374 2272; x_wconf 85' lang='lat' dir='ltr'>potestate,</span> <span class='ocrx_word' id='word_1_327' title='bbox 393 2242 442 2274; x_wconf 78' lang='lat'>35.</span> <span class='ocrx_word' id='word_1_328' title='bbox 460 2237 589 2266; x_wconf 78' lang='lat' dir='ltr'>tertium</span> <span class='ocrx_word' id='word_1_329' title='bbox 608 2236 753 2265; x_wconf 77' lang='lat' dir='ltr'>tribunus</span> <span class='ocrx_word' id='word_1_330' title='bbox 771 2236 928 2273; x_wconf 85' lang='lat' dir='ltr'>militum,</span> <span class='ocrx_word' id='word_1_331' title='bbox 945 2245 998 2278; x_wconf 86' lang='lat'>45.</span> 
     </span>
    </p>

    <p class='ocr_par' dir='ltr' id='par_1_35' title="bbox 158 2275 944 2319">
     <span class='ocr_line' id='line_1_50' title="bbox 158 2275 944 2319; baseline 0.003 -14"><span class='ocrx_word' id='word_1_332' title='bbox 158 2275 193 2305; x_wconf 92' lang='lat' dir='ltr'><strong><em>L.</em></strong></span> <span class='ocrx_word' id='word_1_333' title='bbox 207 2276 332 2316; x_wconf 79' lang='lat' dir='ltr'>Sergius</span> <span class='ocrx_word' id='word_1_334' title='bbox 349 2277 494 2316; x_wconf 79' lang='lat' dir='ltr'>Fidenas,</span> <span class='ocrx_word' id='word_1_335' title='bbox 507 2279 652 2308; x_wconf 87' lang='lat' dir='ltr'>tribunus</span> <span class='ocrx_word' id='word_1_336' title='bbox 668 2278 824 2317; x_wconf 87' lang='lat' dir='ltr'>militum,</span> <span class='ocrx_word' id='word_1_337' title='bbox 843 2286 874 2319; x_wconf 87' lang='lat'>5,</span> <span class='ocrx_word' id='word_1_338' title='bbox 896 2280 944 2310; x_wconf 87' lang='lat'>16.</span> 
     </span>
    </p>

    <p class='ocr_par' dir='ltr' id='par_1_36' title="bbox 159 2319 643 2360">
     <span class='ocr_line' id='line_1_51' title="bbox 159 2319 643 2360; baseline 0.006 -12"><span class='ocrx_word' id='word_1_339' title='bbox 159 2319 199 2348; x_wconf 86' lang='lat' dir='ltr'><strong><em>L.</em></strong></span> <span class='ocrx_word' id='word_1_340' title='bbox 217 2319 356 2357; x_wconf 62' lang='lat' dir='ltr'>Sergius,</span> <span class='ocrx_word' id='word_1_341' title='bbox 373 2320 506 2357; x_wconf 69' lang='lat' dir='ltr'>legatus,</span> <span class='ocrx_word' id='word_1_342' title='bbox 525 2330 575 2359; x_wconf 88' lang='lat'>30,</span> <span class='ocrx_word' id='word_1_343' title='bbox 593 2329 643 2360; x_wconf 79' lang='lat'><strong><em>25.</em></strong></span> 
     </span>
    </p>

    <p class='ocr_par' dir='ltr' id='par_1_37' title="bbox 158 2362 788 2405">
     <span class='ocr_line' id='line_1_52' title="bbox 158 2362 788 2405; baseline 0.005 -13"><span class='ocrx_word' id='word_1_344' title='bbox 158 2362 206 2392; x_wconf 79' lang='lat' dir='ltr'><strong><em>M.</em></strong></span> <span class='ocrx_word' id='word_1_345' title='bbox 223 2362 348 2402; x_wconf 83' lang='lat' dir='ltr'>Sergius</span> <span class='ocrx_word' id='word_1_346' title='bbox 363 2363 524 2394; x_wconf 75' lang='lat' dir='ltr'>decemvir</span> <span class='ocrx_word' id='word_1_347' title='bbox 536 2370 671 2402; x_wconf 86' lang='lat' dir='ltr'>creatur,</span> <span class='ocrx_word' id='word_1_348' title='bbox 685 2373 718 2403; x_wconf 82' lang='lat'>3,</span> <span class='ocrx_word' id='word_1_349' title='bbox 736 2371 788 2405; x_wconf 79' lang='lat'><strong><em>35.</em></strong></span> 
     </span>
    </p>
   </div>
  </div>
 </body>
</html>
