1572 2616
458 181 830 214 HISTORIARUM
865 182 1070 212 LIBROS·
1279 180 1358 223 251

205 263 281 295 dem
298 270 387 295 erant
411 264 548 301 navalia,
565 273 621 304 44,
642 273 691 294 10.
709 269 739 293 et
757 273 808 302 32.
831 263 942 294 frustra
964 267 1169 302 oppugnatur
1183 270 1201 290 a
1217 260 1254 291 C.
1272 260 1360 291 Mar-

204 308 269 345 cio,
291 317 340 340 10.
363 308 488 339 deditur
503 307 640 339 AEmilio
663 306 787 344 Paullo,
808 314 862 346 45.
885 306 951 336 vid.
968 306 1057 336 etiam
1080 315 1137 345 42,
1155 305 1206 342 67.
1230 314 1287 344 44,
1308 313 1358 335 12.

158 359 350 424 Thqgi’dzigm
365 393 531 424 Pharsaliae
548 399 649 430 terrae,
668 401 721 431 33,
741 394 770 423 6.
787 400 818 423 et
835 400 865 430 7.

157 435 357 474 Theudoria,
373 437 449 467 urbs
464 436 686 474 Athamaniae,
706 437 759 474 38,
780 446 807 466 1.
829 435 1017 467 Theudoria
1027 433 1232 475 expelluntur
1248 432 1360 464 Mace-

202 479 314 516 dones,
331 480 404 510 ibid.

161 521 325 556 Theuma,
342 524 447 560 vicus,
464 528 681 563 expugnatur,
700 531 752 562 32,
775 531 825 561 13.

157 564 368 602 Thimarum,
381 567 554 606 oppidum,
572 576 626 605 32,
649 575 696 606 14.

155 607 280 646 Thoas,
298 616 413 648 praetor
429 608 629 645 AEtolorum,
642 609 850 648 conqueritur
865 607 996 646 injurias
1012 608 1251 644 Romanorum,
1264 612 1296 636 et
1310 616 1358 637 re·

201 659 256 690 ges
279 653 319 682 ad
343 652 468 682 bellum
494 653 648 689 concitat,
667 661 723 692 35,
742 662 791 683 12.
814 651 952 681 mittitur
975 652 1014 681 ab
1033 651 1150 682 AEtolis
1177 650 1218 680 ad
1243 650 1360 680 Antio-

201 695 318 731 chum,
337 704 388 732 32.
413 697 463 733 36,
485 702 514 732 7.
539 696 649 726 frustra
669 702 772 725 tentat
788 694 993 730 Chalcidem,
1011 703 1064 735 35,
1083 703 1134 733 37.
1158 693 1359 724 Annibalem

199 737 365 767 Antiocho
381 738 560 778 suspectum
576 739 665 774 facit,
682 749 736 778 42.
759 738 828 776 ejus
851 746 928 767 cum
945 737 1084 768 Phaenea
1107 737 1287 773 contentio,
1301 744 1358 777 45.

201 780 339 810 mittitur
356 782 472 811 iterum
488 781 611 819 legatus
634 782 674 811 ab
691 781 809 811 AEtolis
833 781 872 810 ad
897 781 1112 814 Antiochum,
1131 780 1186 818 36,
1203 781 1255 810 26.
1278 789 1357 810 eum

201 822 259 852 fibi
273 824 342 853 dedi
361 824 521 863 postulant
538 824 692 861 Romani,
708 831 761 862 37,
777 833 830 864 45.
856 824 908 862 38,
929 825 980 861 38.

156 865 298 896 Thraces
315 867 472 897 invadunt
486 867 602 897 Manlii
615 868 808 904 exercitum,
823 872 854 895 et
868 867 983 906 praedae
997 872 1121 905 partem
1137 866 1285 906 abigunt,
1301 867 1358 904 38,

200 919 256 948 40.
272 909 337 939 vid.
355 917 383 938 er
397 911 450 950 46.
469 917 496 939 er
511 920 563 950 49.
590 920 643 950 39,
666 919 692 939 1.
717 919 775 940 cur
800 910 909 940 minus
934 909 1035 939 infesti
1057 909 1175 940 fuerint
1197 909 1354 948 Scipioni,

203 954 258 990 38,
273 961 328 991 41.
351 953 565 983 adsumuntur
587 954 622 982 in
644 953 827 983 societatem
852 962 872 982 a
898 952 1069 989 Romanis,
1092 962 1148 992 42,
1168 962 1218 993 19.
1241 961 1356 982 eorum

203 1004 258 1025 rex
275 995 384 1035 Cotys,
399 995 463 1025 vid.
483 996 592 1035 Cotys.

158 1037 300 1068 Thraces
316 1044 462 1077 pugnant
478 1038 582 1077 longis
598 1038 808 1078 rhomphaeis,
827 1047 880 1076 31,
898 1048 949 1078 39.
974 1047 1054 1068 cum
1076 1045 1174 1068 cantu
1198 1038 1358 1078 superfixa

202 1082 308 1120 capita
323 1081 463 1111 hostium
480 1089 620 1121 portant,
637 1091 691 1121 42,
709 1082 760 1112 60.

156 1123 311 1159 Thracia,
328 1125 380 1160 26,
401 1132 451 1164 25.
469 1125 500 1154 in
516 1125 690 1154 Thraciam
705 1123 885 1154 exereitum
899 1124 988 1154 ducit
1001 1123 1181 1164 Philippus,
1195 1123 1268 1155 ibid.
1283 1133 1358 1155 eam

201 1166 436 1206 depopulantur
451 1167 551 1204 Galli,
566 1177 622 1206 44,
643 1175 694 1204 27.

157 1209 354 1249 Thrasippus
373 1210 530 1250 Eulyessa,
548 1210 713 1249 praefeElus
730 1210 885 1248 agematis
910 1209 1128 1246 Macedonici,
1143 1221 1199 1250 42,
1218 1218 1270 1250 5¹¹·

158 1252 293 1288 Thraso,
309 1253 473 1283 familiaris
498 1254 713 1293 Hieronymo,
739 1253 1010 1292 Syracusanorum
1028 1253 1105 1291 regi,
1126 1263 1178 1292 24,
1194 1261 1225 1290 5.
1251 1253 1360 1283 nomi-

201 1303 296 1325 natur
312 1297 392 1325 inter
405 1296 600 1333 conjuratos,
618 1296 690 1326 ibid.
714 1296 846 1326 traditur
862 1296 902 1325 ad
918 1295 1112 1335 supplicium
1125 1297 1246 1334 insons,
1261 1296 1335 1327 ibid.

156 1337 306 1374 Thrausi,
324 1348 400 1377 gens
411 1339 590 1375 Thracum,
610 1340 664 1378 38,
683 1348 735 1377 41.

158 1380 356 1417 Thronium,
375 1390 427 1419 32,
447 1382 497 1419 36.
523 1391 576 1421 33,
594 1391 623 1420 3.
647 1389 700 1420 35,
717 1389 767 1420 37.
793 1381 846 1419 36,
867 1390 918 1411 20.

156 1423 304 1462 Thuriae‚
334 1424 394 1454 sive
417 1425 546 1463 Thurii,
572 1425 644 1454 urbs
672 1425 706 1454 in
733 1423 931 1460 Sallentinis,
959 1435 991 1464 9,
1013 1434 1061 1464 19.
1095 1434 1147 1462 ιο,
1172 1435 1203 1456 2.
1232 1432 1287 1466 25,
1306 1432 1360 1466 15.

202 1475 256 1505 27,
281 1477 305 1497 1.

156 1510 309 1547 Thurini,
327 1511 359 1540 in
377 1510 473 1540 fidem
491 1509 716 1540 Romanorum
734 1510 880 1548 redeunt,
899 1518 952 1549 25,
974 1519 1000 1539 1.
1024 1509 1180 1541 deficiunt
1195 1510 1236 1541 ad
1251 1512 1357 1542 Anni-

202 1553 320 1587 balem,
343 1561 391 1593 15.
409 1553 473 1583 vid.
493 1560 520 1582 et
537 1560 590 1589 27,
613 1563 637 1583 1.

158 1596 190 1626 in
204 1597 389 1627 Thurinum
403 1606 516 1636 agrum
531 1596 659 1627 colonia
674 1595 822 1632 dedueta,
840 1605 893 1635 34,
912 1603 964 1635 53.

155 1639 337 1670 Thuribula
353 1648 426 1670 ante
446 1640 562 1678 januas
583 1639 693 1679 posita,
711 1648 814 1679 quum
838 1646 939 1669 mater
954 1637 1064 1669 Deum
1082 1638 1114 1668 in
1131 1638 1246 1670 urbem
1262 1639 1358 1671 infer-

203 1689 299 1719 retur,
317 1692 370 1721 29,
391 1693 438 1723 14.

157 1724 316 1761 Thurrus,
331 1726 396 1755 vid.
413 1727 540 1756 Turrus.

157 1767 250 1798 Thus
267 1768 394 1807 publice
410 1770 444 1799 in
459 1768 620 1799 sacrificiis
636 1769 822 1808 praebitum,
844 1778 894 1805 10,
914 1778 964 1808 23³

157 1810 325 1850 Thyatira,
342 1812 511 1850 oppidum,
530 1820 583 1850 37,
601 1813 629 1842 8.
656 1822 706 1843 21.
723 1818 754 1841 et
769 1820 819 1850 37.
843 1812 872 1841 se
889 1813 975 1841 dedit
989 1811 1157 1849 Romanis,
1171 1822 1224 1852 44.

158 1853 347 1894 Thymbris,
362 1854 480 1884 fluvius
498 1855 671 1895 Bithyniae,
692 1856 744 1892 38,
765 1856 813 1885 18.

157 1896 331 1936 Thyrium‚
349 1897 409 1927 sive
424 1898 581 1938 Tyreum,
597 1898 754 1937 oppidum
774 1898 976 1934 Acarnaniae,
992 1897 1045 1936 36,
1066 1907 1076 1927 1
1089 1907 1115 1928 1.
1131 1903 1162 1927 et
1183 1906 1230 1928 12.
1255 1898 1308 1937 38,
1324 1908 1356 1938 9.

159 1939 364 1979 Thyrienies‚
385 1942 437 1978 36,
459 1951 506 1971 12.

156 1982 288 2023 Thyrsis
305 1984 437 2022 quidam
455 1983 637 2014 Stuberaeus
653 1982 836 2013 intercludit
851 1983 1016 2014 Demetrio
1032 1983 1192 2022 spiritum,
1209 1993 1264 2022 40,
1282 1994 1334 2024 24.

159 2025 312 2056 Tiberina
330 2026 443 2062 insula,
464 2037 494 2063 2,
509 2035 538 2065 5.

157 2068 328 2099 Tiberinus
345 2069 483 2109 Sylvius,
499 2070 645 2099 decimus
661 2078 715 2099 rex
730 2069 836 2106 Albae,
854 2070 885 2099 in
903 2068 1022 2099 Albula
1035 2069 1225 2106 submersus,
1247 2079 1275 2107 1,
1295 2079 1324 2108 3.

158 2110 329 2142 Tiberinus
345 2114 464 2149 amnis,
482 2120 513 2152 5,
533 2120 583 2150 37.
609 2122 662 2152 29,
685 2122 732 2151 ¹4-

158 2153 294 2191 Tiberis,
311 2154 443 2191 fluvius,
459 2155 538 2185 olim
555 2154 674 2186 Albula
690 2155 806 2191 difflus,
827 2164 854 2190 1,
874 2164 903 2192 3.
925 2154 1050 2184 Tiberis
1066 2153 1168 2184 diCtus
1183 2164 1201 2184 a
1215 2164 1285 2193 rege
1299 2155 1356 2186 Ti-

204 2196 327 2233 berino,
344 2199 398 2236 qui
423 2199 455 2228 in
481 2198 611 2236 trajcau
636 2198 814 2228 submersus
835 2198 891 2234 est,
908 2197 978 2226 ibid.
1004 2198 1129 2228 Tiberis
1151 2198 1192 2227 ab
1216 2197 1356 2230 Hercule

205 2239 314 2269 nando
340 2240 506 2278 trajicitur,
531 2249 559 2277 7.
583 2242 626 2271 est
650 2241 754 2280 gelida
776 2242 883 2271 hieme
907 2240 1144 2280 innavigabilis,
1163 2247 1194 2279 5,
1217 2250 1265 2278 13.
1288 2241 1358 2279 ejus

206 2282 431 2313 inundationes
446 2285 613 2320 maximae,
633 2294 682 2322 24,
696 2295 725 2322 9.
746 2293 798 2322 30,
817 2285 868 2323 38.
895 2292 948 2323 35,
963 2293 993 2321 9.
1008 2291 1038 2313 et
1053 2293 1104 2313 21.
1133 2285 1185 2321 38,
1204 2286 1253 2314 28.
1271 2290 1358 2315 trans

203 2324 347 2355 Tiberim
375 2327 473 2356 emoti
500 2326 668 2365 Veliterni,
698 2328 728 2364 8,
760 2337 807 2366 14.
845 2327 1001 2357 senatores
1031 2326 1283 2365 Privernatium,
1302 2337 1354 2359 20.

205 2367 378 2407 Campani,
398 2369 450 2405 26,
469 2378 518 2407 34.

160 2410 321 2450 Tiberius,
337 2411 403 2442 vid.
421 2411 586 2444 Claudius.
