1572 2616
449 151 819 181 HISTORIARUM
847 150 1052 180 LIBROS.
1283 140 1336 194 89

191 231 361 269 laboranti,
378 238 409 262 et
429 241 509 272 pene
527 231 597 270 jam
621 230 717 268 νίξὶο,
734 231 792 261 sert
815 231 986 270 suppetias,
1003 232 1054 263 28.
1071 238 1101 261 et
1117 241 1168 271 29.
1193 232 1340 271 magister

191 276 339 314 equitum
363 275 420 305 sub
442 275 510 312 ejus
533 275 703 314 imperium
719 275 962 314 auspiciumque
978 275 1087 314 sponte
1104 276 1191 307 redit,
1211 285 1261 313 30.
1285 285 1342 306 ex-

192 318 262 348 ae‘to
276 318 412 348 semestri
435 319 580 357 imperio,
599 318 725 347 abdicat
738 317 766 348 se
783 317 951 354 difflatur&
970 327 1019 356 31.
1043 317 1111 355 ejus
1127 319 1166 347 ad
1182 318 1217 348 L.
1232 318 1339 348 AEmi-

190 361 272 390 lium
295 360 443 391 Paullum
467 360 631 391 consulem
655 362 767 397 oratio,
786 371 838 402 39.
861 361 930 399 ejus
946 360 1115 391 consilium
1133 363 1200 401 post
1213 360 1340 392 cladem

190 404 406 440 Cannensem,
425 412 475 444 55.

232 455 355 477 creatur
382 448 539 486 pontifex,
569 456 621 485 23,
653 457 703 477 21.
733 447 884 477 duumvir
911 447 1033 478 aedibus
1059 447 1255 484 dedicandis,
1287 457 1340 486 31.

189 489 299 519 consul
317 491 461 528 tertium,
477 490 547 519 ibid.
572 490 639 527 ejus
657 500 703 520 res
719 492 823 529 gestae,
840 492 979 530 46-48,

232 532 300 569 ejus
316 534 416 563 oratio
428 534 466 563 de
481 534 622 563 creandis
639 534 823 563 consulibus
837 543 934 573 quam
949 531 1221 573 praestantissimis,
1239 543 1291 573 24,
1309 533 1341 564 8.

187 576 298 606 consul
315 584 467 615 quartum
483 584 620 613 creatur,
638 586 668 614 9.
693 576 871 607 Casilinum
894 585 1071 617 oppugnat,
1090 586 1139 615 19.
1164 576 1285 615 legatus
1303 576 1342 606 fi-

189 617 232 648 lio
245 619 365 649 consuli
382 620 422 649 ad
438 619 615 649 Suessulam
634 621 733 657 venit,
750 630 803 659 44.

230 662 393 692 Annibale
409 663 448 692 ad
466 663 605 693 Romam
621 664 874 703 oppugnandam
889 663 1037 692 veniente
1049 663 1154 693 censet
1169 663 1342 693 absceden-

187 704 268 735 dum
282 714 348 735 non
364 705 424 736 esse
441 715 459 735 a
474 706 595 746 Capua,
615 708 666 742 26,
686 708 715 737 8.

231 748 341 778 consul
368 749 536 788 quintum,
569 757 620 786 27,
651 757 680 786 7.
713 750 849 779 Senatus
876 749 1036 788 princeps,
1064 758 1074 778 ι
1087 759 1113 778 1.
1146 748 1342 779 Marcellum

187 800 242 830 per
256 790 360 822 literas
377 799 501 828 monet,
518 800 553 822 ut
576 802 676 831 quam
698 794 852 822 acerrimo
867 791 952 821 bello
974 793 1113 821 detineat
1127 792 1338 829 Annibalem,

192 843 242 864 12.
266 835 440 865 Manduria
467 836 497 865 vi
523 843 629 875 capta,
657 835 776 865 obsidet
801 835 982 865 Tarentum
1008 842 1039 865 et
1062 835 1161 874 capit,
1182 843 1230 874 15.
1253 835 1341 866 Deos

189 876 285 907 iratos
298 878 482 908 Tarentinis
493 878 586 916 jubet
602 878 750 917 relinqui,
772 880 819 909 16.

234 920 360 950 Livium
376 928 407 951 et
420 921 598 957 Neronem,
615 922 774 959 consules,
791 922 846 951 sibi
864 928 980 952 mutuo
997 920 1196 959 reconciliat,
1215 929 1268 958 27,
1285 928 1340 961 35.

231 963 388 1001 Scipioni,
417 965 450 993 in
475 965 619 994 Africam
646 965 863 995 transcendere
892 965 1047 1004 cupienti,
1073 965 1265 1003 adversatur,
1286 965 1341 1003 28,

187 1014 242 1044 40.
264 1006 332 1044 ejus
345 1008 458 1042 oratio,
476 1007 548 1037 ibid.
562 1007 682 1049 etseqq.

232 1051 313 1079 truci
330 1051 472 1080 oratione
487 1058 518 1079 et
533 1051 687 1080 sententia
704 1051 889 1090 Scipionem
907 1052 1089 1090 impugnat,
1109 1061 1163 1090 29,
1183 1060 1233 1090 19.

232 1093 380 1128 moritur,
399 1103 451 1131 30,
469 1094 522 1123 26.
546 1093 614 1131 ejus
629 1093 752 1130 laudes,
770 1094 841 1125 ibid.

145 1133 186 1164 9.
205 1134 332 1171 Fabius,
349 1135 434 1165 filius
458 1137 677 1175 praecedentis,
695 1143 819 1176 praetor,
838 1146 890 1175 24,
909 1148 938 1177 9.
962 1136 1086 1166 sortitur
1100 1135 1268 1174 Apuliam,
1288 1146 1341 1168 12.

187 1177 298 1208 absens
323 1186 445 1208 creatur
470 1179 593 1215 consul,
618 1189 672 1219 43.
696 1187 816 1219 patrem
840 1180 932 1217 jubet
956 1179 1142 1209 descendere
1166 1188 1263 1218 equo,
1285 1189 1340 1219 44.

187 1220 349 1251 Altiniurn
366 1223 526 1261 Arpinum
541 1223 632 1259 jubet
648 1223 775 1259 vinciri,
791 1233 844 1262 45.
869 1224 952 1262 capit
970 1224 1085 1261 Αῐμος,
1098 1222 1152 1261 46.

145 1262 187 1293 Gt.
204 1264 320 1294 Fabius
335 1264 457 1304 legatus
473 1266 512 1295 ab
529 1265 576 1295 M.
596 1266 683 1295 Livio
707 1266 836 1296 consule
857 1266 997 1296 Romam
1014 1266 1054 1295 ad
1070 1265 1215 1295 senatum
1240 1265 1343 1295 mitti-

187 1312 250 1343 tur,
270 1308 322 1344 28,
339 1319 369 1348 9.

146 1348 188 1379 Q.
206 1349 337 1387 Fabius,
365 1360 465 1389 augur
490 1350 523 1380 in
546 1350 658 1381 locum
682 1351 778 1391 patris
801 1351 932 1388 electus,
957 1361 1010 1390 30,
1037 1353 1088 1383 26.
1112 1352 1259 1388 moritur,
1284 1360 1339 1390 33,

186 1402 240 1430 42.

145 1433 187 1464 0.
206 1434 335 1472 Fabius,
353 1437 501 1474 quaestor,
520 1445 574 1476 39,
592 1447 642 1476 29.

145 1477 187 1507 Θ.
205 1477 321 1551 Fabius
345 1479 524 1516 Maximus,
550 1488 677 1519 praetor,
701 1479 825 1510 sortitur
847 1478 1101 1518 ,iurisdietionem
1125 1478 1338 1519 peregrinam,

187 1530 242 1560 40,

146 1562 189 1594 Q.
208 1564 324 1594 Fabius
338 1564 520 1601 Maximus,
537 1564 623 1595 filius
640 1565 674 1594 L.
692 1564 816 1595 AEmiln
832 1565 932 1595 Paulli
947 1564 1100 1602 consulis
1117 1574 1172 1604 44,
1189 1572 1240 1613 35.
1255 1575 1340 1595 nun-

187 1607 255 1636 cius
276 1607 414 1637 viCtoriae
437 1607 476 1637 de
500 1588 606 1638 §essee
629 1608 768 1638 mittitur
790 1608 944 1645 Romam,
960 1617 1013 1647 45.
1030 1616 1085 1648 45,
1106 1618 1133 1638 1.
1159 1608 1296 1638 mittitur
1318 1617 1338 1637 a

187 1656 275 1688 patre
290 1650 329 1680 ad
345 1650 516 1690 AEginium
537 1658 568 1681 et
591 1651 721 1691 Agassas
744 1651 949 1691 diripiendas,
967 1659 1019 1688 27.
1041 1659 1073 1682 et
1089 1651 1128 1681 ad
1145 1651 1205 1692 111)
1208 1653 1268 1681 rios
1283 1651 1340 1681 de-

189 1693 402 1732 populandos,
420 1703 470 1732 33.

145 1734 188 1765 Q.
205 1736 321 1766 Fabius
345 1737 514 1767 Maximus
536 1736 660 1774 consul,
677 1736 778 1767 Paulli
796 1746 907 1776 nepos,
924 1746 1002 1767 cum
1027 1736 1254 1776 Allobrogibus
1279 1747 1339 1777 pu-

187 1785 276 1817 gnat,
295 1779 320 1809 E
344 1780 378 1809 it.
395 1781 448 1810 61.

146 1820 188 1850 Q·
209 1789 446 1852 FabiuspPiCtor
468 1822 613 1862 Delphos
635 1822 673 1852 ad
699 1821 868 1852 oraculum
891 1823 1039 1858 mittitur,
1059 1832 1110 1858 22,
1127 1830 1178 1862 57.
1201 1822 1339 1862 Delphis

189 1863 330 1894 Romam
347 1865 437 1900 redit,
455 1865 703 1905 responsumque
725 1875 766 1895 ex
790 1865 903 1904 scripto
918 1866 1041 1903 recitat,
1059 1875 1112 1904 23,
1131 1875 1143 1895 1
1155 1875 1179 1895 1.
1203 1866 1269 1896 vid.
1283 1865 1340 1906 stc-

183 1913 242 1946 pra
260 1907 375 1937 Fabius
392 1907 501 1937 PiEtor.

147 1949 189 1980 9.
207 1950 320 1980 Fabius
336 1949 450 1988 Pietor,
463 1950 581 1980 flamen
601 1950 786 1985 Quirinalis,
803 1957 925 1981 creatur
939 1958 1066 1990 praetor,
1085 1959 1136 1989 37,
1151 1958 1204 1989 47.
1221 1952 1248 1981 ei
1267 1951 1338 1982 Sar-

187 1993 275 2022 dinia
291 1994 454 2033 provincia
469 1994 588 2030 evenit,
606 2002 658 2033 50.
677 1994 862 2033 prohibetur
877 2004 895 2024 a
912 1994 1063 2034 pontifice
1080 1995 1227 2024 maximo
1244 1995 1287 2024 ire
1303 1995 1337 2024 in

188 2037 400 2075 provinciam,
418 2046 468 2076 51.
493 2037 640 2073 moritur,
657 2044 712 2076 45,
729 2047 782 2076 44.

146 2077 188 2108 Q.
215 2079 330 2109 Fabius
354 2079 546 2116 Vibulanus,
563 2080 686 2117 consul,
704 2090 738 2119 4,
764 2088 816 2119 37.
839 2079 988 2110 tribunus
1012 2079 1155 2110 militurn
1180 2079 1336 2109 consulari

190 2123 339 2160 potestate
355 2122 480 2156 iterum,
495 2132 548 2162 49.
567 2123 681 2162 primus
698 2123 756 2163 ejus
773 2123 937 2152 tribunatus
954 2123 983 2152 in
999 2123 1089 2152 Livio
1104 2134 1157 2151 non
1173 2123 1315 2162 reperitur
1327 2134 1337 2151 :

180 2163 239 2204 sed
250 2164 430 2205 supplendus
454 2165 491 2205 (st
513 2177 549 2195 ex
567 2166 658 2205 Fastis
677 2166 853 2206 Capitolinis
869 2172 896 2195 et
915 2166 1052 2201 Diodoro,
1076 2166 1116 2194 ad
1138 2166 1254 2196 terlitaem
1271 2172 1338 2196 autc

189 2218 308 2243 amium,
325 2215 450 2238 extremo
467 2209 594 2238 Liviani
612 2209 680 2237 libri
699 2210 753 2239 IV.
771 2216 835 2249 cap.
851 2217 904 2247 47.
921 2209 1069 2246 interrex,
1089 2217 1140 2248 51.

148 2249 341 2286 Fabraterni,
358 2252 481 2290 populi,
497 2253 692 2291 recipiuntur
707 2262 726 2282 a
741 2252 896 2282 Romanis
912 2253 943 2282 in
962 2252 1072 2288 fidem,
1091 2253 1122 2289 8,
1143 2261 1190 2290 ¹9·

147 2291 185 2323 C.
202 2293 373 2327 Fabricius,
390 2295 428 2323 ad
445 2294 601 2334 Pyrrhum
618 2295 736 2328 missus,
754 2296 836 2335 Epit.
860 2305 906 2334 ¹3·

147 2335 183 2365 C.
206 2335 367 2366 Fabricius
394 2337 559 2372 Luscinus,
586 2344 712 2377 praetor,
738 2339 862 2368 sortitur
882 2337 1134 2376 jurisdiCtionem
1162 2338 1333 2374 urbanam,

190 2387 242 2417 33,
258 2388 310 2418 42.
327 2386 356 2409 et
373 2389 426 2419 43.
450 2379 585 2419 legatus,
603 2389 653 2419 37.
671 2391 702 2420 4.
