1572 2616
233 120 313 160 114
662 122 1005 154 ROMANORUM

554 337 907 380 HORTENSIA
951 340 1125 382 GENs„

698 540 915 547 ———

229 628 606 681 SEBASTIANUS
625 645 827 692 Corradus,
847 645 1073 695 scriptorum
1088 652 1263 683 veterum
1290 650 1329 682 et
1355 657 1424 682 an-

226 710 402 759 tiquitatis
432 711 529 747 bene
558 712 711 760 peritus,
729 725 845 762 quern
875 725 956 758 nos,
984 719 1027 750 ut
1055 711 1134 761 ejus
1164 713 1202 750 in
1229 713 1423 749 literarum

226 774 343 811 studia
372 775 506 811 merita
533 775 706 824 poscunt,
728 777 878 814 honoris
906 778 1013 814 causa
1041 779 1291 820 nominamus,
1319 778 1423 814 Hor-

226 841 361 877 tenfios
382 841 546 890 plebeios
576 841 682 879 fuisse
710 843 909 889 existimat,
931 850 1015 880 tum
1044 844 1145 893 quod
1177 844 1229 881 Q,
1254 844 1424 881 Horten-

227 908 297 947 fius
317 909 473 946 dictator
490 908 616 959 legem
636 910 683 946 de
701 909 903 959 plebiscitis
923 909 1064 954 tulerit,
1086 916 1171 947 tumr
1189 911 1303 947 etiam
1322 910 1426 959 quock

226 971 442 1020 complures
462 973 680 1009 Hortenfios
709 974 942 1010 tribunatum
962 973 1015 1022 pl.
1035 972 1173 1023 geffifl'e
1193 974 1231 1010 in
1251 980 1424 1011 veterum

227 1039 484 1075 monumentis
503 1040 674 1088 reperiat.
732 1039 814 1088 Ego
833 1045 874 1076 ut
894 1038 1115 1075 Hortenfios
1136 1039 1233 1075 inter
1251 1039 1426 1088 patricios

226 1101 421 1146 referrem,
451 1101 520 1138 hac
551 1101 781 1151 potifiimum
808 1101 915 1138 causa
941 1102 1119 1139 adduEmS
1147 1101 1244 1139 sum.
1299 1101 1425 1137 Video

228 1168 332 1205 enim
353 1168 404 1205 Q.
422 1167 668 1204 Hortenfium
690 1173 891 1211 oratorem,
913 1179 1003 1203 curn
1031 1167 1069 1203 in
1098 1167 1323 1204 Quinctiana
1340 1179 1424 1204 ora-

226 1232 344 1275 tione,
366 1237 449 1268 tum
469 1244 557 1268 vero
585 1233 623 1268 in
650 1232 820 1268 Verrinis
845 1231 1063 1275 actionibus,
1085 1230 1253 1267 nobilem
1273 1243 1294 1267 a
1313 1231 1423 1268 Cice-

225 1308 317 1333 rone
346 1296 549 1345 appellari:
580 1295 682 1344 quod
710 1307 784 1345 qua
810 1295 953 1331 ratione
981 1306 1114 1331 verum
1134 1294 1191 1338 fit,
1213 1293 1279 1330 nifi
1306 1294 1424 1343 patri-

226 1361 329 1397 cium
348 1359 456 1396 fuiffe
476 1359 655 1403 dicamus,
675 1357 890 1408 conjectura
907 1357 1046 1407 assequi
1061 1365 1163 1396 certe
1184 1358 1291 1395 nullo
1307 1358 1424 1396 modo

225 1424 387 1474 possum„
444 1424 657 1462 Neminem
689 1424 804 1461 etiam
838 1422 1144 1466 Hortensiorum,
1177 1428 1314 1471 praeter
1344 1422 1426 1459 Lu—

227 1489 344 1533 cium,
377 1490 509 1537 (quem
541 1488 607 1525 lib.
629 1488 722 1525 xliii.
753 1488 880 1525 Livius
911 1493 1112 1536 praetorem
1146 1485 1250 1522 fuisse
1279 1483 1421 1532 scribit)

226 1558 313 1590 ante
334 1552 436 1589 hunc
454 1552 627 1588 curulem
647 1550 786 1601 geffisse
807 1550 1059 1600 magistratum
1079 1551 1236 1599 reperio.
1287 1550 1426 1587 Quum

226 1618 337 1668 igitur
357 1617 572 1652 conditione
592 1616 724 1652 nobilis
745 1627 820 1651 non
837 1615 893 1658 fit,
915 1614 1058 1662 origine
1075 1613 1241 1650 nobilem
1261 1612 1335 1651 effe
1355 1625 1423 1649 ne-

228 1680 325 1718 ceffe
353 1681 430 1717 est:
463 1678 673 1729 cujusmodi
706 1679 878 1729 patricios
907 1677 1013 1714 fuiffe
1035 1676 1116 1727 jam
1146 1684 1233 1714 ante
1261 1677 1428 1714 dilucide>

227 1745 512 1796 perspicueque,
543 1745 689 1793 opinor,
724 1742 1070 1780 demonstravimus.
1126 1742 1213 1778 Nec
1242 1754 1331 1778 vero
1359 1748 1422 1779 aut

228 1811 315 1859 quia
344 1809 500 1846 dictator
528 1807 750 1845 Hortensius
779 1807 903 1856 legem
932 1806 978 1842 de
1007 1805 1207 1854 plebiscitis
1237 1806 1338 1850 tulit,
1359 1813 1422 1843 aut

226 1875 313 1922 quia
332 1873 470 1910 tribuni
491 1872 590 1920 pleb.
615 1871 805 1908 Hortenfii
832 1870 999 1913 fuerunt,
1026 1869 1162 1918 plebeii
1190 1869 1424 1906 existimandi

229 1937 326 1975 sunt.
386 1936 454 1973 Ille
474 1937 578 1973 enim
598 1936 898 1973 benevolentiam
918 1941 956 1971 et
975 1934 1184 1971 voluntates
1206 1933 1324 1982 plebis
1352 1933 1422 1970 hac

228 2002 291 2040 sua
309 2002 393 2051 lege
413 2001 597 2050 captabat,
619 2000 719 2049 quod
742 1999 960 2048 Poplicolas,
984 1998 1173 2041 Horatios,
1196 1997 1297 2044 quod
1316 2009 1422 2034 com·

228 2065 353 2116 plures
370 2066 460 2102 alios
480 2064 655 2102 faffitaffe
674 2064 1017 2100 animadvertimus.
1063 2062 1117 2098 Hi
1136 2073 1225 2097 vero
1243 2060 1344 2108 quod
1365 2060 1421 2096 di-

228 2132 343 2169 versae
372 2130 489 2168 effent
517 2131 651 2180 gentis,
672 2130 809 2166 tribuni
837 2128 888 2177 pl.
909 2127 1024 2163 creati
1052 2126 1151 2169 sunt,
1170 2131 1212 2162 ut
1240 2125 1355 2161 etiarn
1384 2124 1423 2160 in

231 2195 427 2238 Corneliis,
447 2194 625 2237 Claudiis,
647 2192 888 2241 Semproniis,
945 2191 1084 2228 Uterer
1101 2189 1270 2238 plurimis
1291 2200 1424 2224 exem·

229 2260 311 2309 plis,
332 2259 397 2295 nifi
418 2271 499 2296 rem
518 2258 751 2307 perspicuam
778 2257 972 2292 arbitrarer
991 2261 1028 2291 et
1055 2262 1236 2303 apertam.
1293 2252 1422 2301 Ipsum

231 2324 381 2374 quidem
413 2330 513 2360 certe
544 2321 786 2359 Hortensium
816 2319 1068 2369 magistratum
1098 2317 1289 2365 plebeium
1309 2315 1421 2363 adep*
