1572 2616
257 158 336 204 132
674 159 1016 189 ROMANORUM
1060 185 1065 188 .
1096 179 1099 181 -

250 239 286 269 P.
309 237 468 269 DECmS
494 238 534 269 Q,
552 238 588 269 F.
604 238 670 269 *N.
688 239 792 270 MUS.
819 240 984 271 Tribunus
1008 240 1168 277 militaris,
1187 241 1235 272 M.
1252 241 1389 280 Valerio,
1406 243 1445 273 A.

251 282 401 312 Cornelio
428 292 508 312 coss.
553 282 741 312 Exercitum
772 283 858 313 bello
888 283 1067 314 Samnitico
1097 284 1260 315 obsidione
1290 285 1446 316 liberavit.

252 326 360 356 Livius
376 325 431 355 lib.
450 327 503 357 vii.
517 332 550 356 et
566 326 644 357 xxii.
678 326 789 356 Cicero
805 326 861 356 lib.
878 327 917 356 de
933 327 1141 357 Divinatione
1165 328 1281 367 primo.
1328 329 1447 359 Consul

251 377 329 399 cum
344 369 385 398 T.
399 369 537 406 Manlio,
554 379 641 399 anno
654 378 731 408 4¹3·
764 369 975 400 Caffiodorus.
1010 370 1099 400 Bello
1120 371 1245 408 Latino,
1263 381 1366 411 quum
1384 371 1448 401 Ro-

251 421 386 442 manam
410 413 515 442 aciem
544 413 734 442 inclinatam
762 413 893 449 videret,
918 422 974 453 pro
999 413 1097 443 salute
1120 414 1243 454 reipub.
1262 415 1388 445 devovit
1404 415 1446 452 se,

251 462 347 494 atque
365 456 397 485 in
420 457 523 485 aciem
542 456 730 486 Latinorum
749 457 859 496 irrupit
875 463 1030 493 armatus,
1047 457 1193 497 factaque
1212 458 1331 497 ingenti
1349 459 1448 496 strage

250 499 321 529 telis
345 499 492 535 obrutus,
511 509 566 537 pro
590 499 690 538 patria
714 500 833 529 fortiter
848 500 1024 530 occubuit:
1049 510 1114 539 quo
1130 500 1198 537 ejus
1213 501 1296 531 fauo
1313 501 1447 540 superati

250 541 336 579 sunt,
351 549 382 572 et
398 542 491 572 deleti
509 542 624 572 Latini.
670 542 778 577 Livius
793 543 848 573 lib.
866 543 931 573 viii.
961 543 1074 573 Cicero
1090 545 1122 573 in
1140 544 1262 574 Catone
1277 551 1309 574 et
1323 544 1449 574 Tuscu-

249 584 326 615 lana
341 587 455 624 prima.
484 585 604 615 Plinius
620 585 676 615 lib.
692 586 773 616 xxii.
789 595 861 626 cap.
879 593 931 626 25.
955 586 1099 616 Valerius
1112 587 1168 616 lib.
1185 597 1216 618 v.
1230 597 1302 625 cap.
1320 588 1353 617 6.
1376 587 1449 617 Flo-

249 637 302 659 rus
317 628 373 659 lib.
390 631 411 659 i.
428 638 499 668 cap.
517 639 566 668 14.
586 629 639 659 ubi
656 639 713 668 pro
730 630 825 660 Mure
849 630 999 660 Muraena
1021 630 1173 660 mendose
1195 631 1350 671 scriptum
1374 630 1447 669 esse,

248 671 331 702 τεξὶε
346 673 458 703 docuit
471 672 696 712 Cuspinianus.

247 758 282 789 P.
295 758 455 789 DECIUS
471 759 505 789 P.
521 759 555 788 F.
574 759 616 789 G.
631 759 674 789 N.
693 759 798 790 MUS.
843 758 989 789 Pontifex
1006 759 1180 789 maximus.
1219 758 1325 789 Livius
1340 758 1396 790 lib.
1413 769 1445 790 x.

249 802 367 832 Consul
384 811 461 832 cum
480 802 528 831 M.
543 802 682 838 Valerio,
699 812 785 832 anno
801 811 877 842 441·
901 801 1110 832 Caffiodorus.
1134 802 1292 832 Diodorus
1305 802 1362 833 lib.
1374 803 1444 832 xix.

251 845 352 875 Hunc
368 846 502 884 graviter
526 846 557 875 in
582 846 765 884 magistratu
782 845 944 884 aegrotasse
960 845 1067 875 Livius
1080 845 1135 875 lib.
1153 845 1197 874 ix.
1216 845 1332 875 scribit.
1377 846 1446 875 Au-

248 888 317 919 δὶοῑ
339 898 413 918 vero
428 889 467 918 de
483 889 556 918 viris
572 888 756 925 illustribus,
777 889 881 928 primo
904 888 1072 918 consulatu
1096 889 1134 918 de
1157 888 1359 919 Samnitibus
1380 888 1446 919 De-

248 933 338 963 cium
356 932 562 972 triumphasse
581 932 694 962 tradit:
719 932 805 970 quod
829 933 901 961 sane
924 939 1016 962 vetus
1039 932 1213 971 inscriptio,
1230 941 1331 970 quam
1354 931 1446 971 supra

248 975 431 1012 retulimus,
456 976 665 1014 comprobare
688 976 823 1005 videtur.
869 975 988 1005 Consul
1008 985 1050 1012 11,
1067 984 1145 1005 cum
1171 975 1212 1005 Θ.
1230 975 1340 1012 Fabio,
1359 984 1446 1005 anno

246 1027 325 1058 445.
349 1018 559 1049 Caffiodorus.
587 1019 748 1048 Diodorus
764 1018 819 1048 lib.
833 1028 889 1048 xx.
919 1019 1069 1058 Magister
1083 1018 1231 1057 equitum
1246 1018 1280 1048 P.
1295 1017 1445 1048 Cornelio

249 1062 414 1097 didfftatore³
430 1071 517 1091 anno
532 1070 606 1101 447,
640 1061 758 1091 Censor
773 1071 850 1092 cum
868 1061 909 1091 Q.
928 1062 1038 1099 Fabio,
1055 1071 1141 1091 anno
1157 1071 1232 1102 449.
1267 1061 1374 1091 Livius
1387 1061 1446 1092 lib.

249 1106 294 1136 ix.
329 1104 449 1135 Consul
469 1115 528 1141 ιη,
545 1114 623 1134 cum
641 1105 682 1135 Θ.
701 1105 812 1143 Fabio,
828 1114 915 1134 anno
929 1105 1005 1144 456.
1041 1104 1218 1144 Imperium
1242 1103 1300 1141 illi,
1317 1110 1353 1133 ut
1376 1111 1444 1134 rem

246 1150 282 1178 in
298 1149 432 1178 Samnio
445 1155 576 1187 gereret,
590 1149 623 1177 in
639 1157 764 1178 annum
780 1148 966 1187 sequentem
984 1154 1200 1187 prorogatum.
1224 1147 1445 1185 Murgantiam

246 1192 388 1221 validam
417 1192 519 1230 gentis
546 1191 659 1220 urbem
688 1191 717 1220 vi
745 1192 842 1230 cepit,
867 1191 941 1220 inde
965 1191 1174 1226 Romuleam,
1200 1199 1280 1219 mox
1306 1190 1447 1220 Ferenti-

247 1244 342 1265 num.
388 1235 496 1263 Livius
511 1233 567 1262 lib.
585 1244 616 1264 x.
662 1233 781 1263 Consul
800 1243 852 1269 iv,
871 1243 948 1263 cum
973 1234 1013 1263 Θ.
1032 1233 1142 1270 Fabio,
1159 1241 1246 1262 anno
1262 1233 1336 1272 458.
1383 1232 1443 1262 Pro

248 1279 361 1316 patria,
389 1276 541 1316 exemplo
568 1277 676 1315 patris,
701 1276 785 1306 bello
810 1276 942 1306 Etrusco
970 1276 998 1306 se
1022 1276 1160 1306 devovit.
1206 1276 1312 1305 Livius
1337 1274 1392 1305 lib.
1410 1285 1442 1306 x.

246 1321 368 1351 Plinius
383 1320 439 1351 lib.
456 1320 570 1349 xxviii.
588 1330 617 1351 2.
655 1320 766 1350 Cicero
781 1319 838 1349 lib.
855 1320 892 1349 de
912 1319 1043 1349 Finibus
1060 1320 1092 1348 ii.
1129 1318 1313 1349 Tusculana
1328 1319 1442 1356 prima.

250 1365 287 1394 ln
304 1364 437 1394 Catone.
469 1364 524 1393 Pro
539 1363 659 1393 Sextio.
688 1363 746 1392 Pro
760 1363 869 1392 domo.
898 1363 947 1392 De
965 1369 1079 1392 natura
1091 1362 1237 1392 Deorum
1255 1361 1298 1391 iii.
1323 1361 1444 1391 Auctor

247 1408 287 1438 ad
304 1407 505 1437 Herennium
522 1406 579 1436 lib.
595 1407 637 1436 iv.
662 1405 805 1436 Valerius
821 1406 877 1436 lib.
891 1415 923 1436 v.
942 1406 973 1436 6.

245 1493 280 1523 P.
297 1492 456 1522 DECIUS
481 1493 515 1522 P.
536 1492 569 1521 F.
588 1493 622 1522 P.
640 1492 684 1522 N.
709 1492 812 1522 MUS.
860 1491 978 1521 Consul
1005 1500 1082 1522 cum
1108 1490 1141 1520 P.
1169 1489 1327 1530 Sulpicio,
1354 1499 1441 1519 anno

249 1544 324 1575 474.
353 1536 388 1565 ln
407 1535 520 1574 proelio
535 1542 647 1565 contra
663 1536 821 1575 Pyrrhum
837 1535 961 1564 occisus
976 1536 1030 1565 est.
1057 1534 1169 1564 Cicero
1184 1533 1240 1564 lib.
1256 1533 1295 1563 de
1311 1532 1442 1563 Finibus

245 1580 281 1616 ii.
296 1586 329 1609 et
343 1577 527 1610 Tusculana
539 1579 654 1618 prima.
679 1578 849 1618 Eutropius
866 1577 921 1608 lib.
940 1578 972 1608 ii..
