1572 2616
470 191 844 223 H1STOR1ARUM
871 192 1077 223 LIBROS.
1279 191 1360 225 201

159 273 316 313 Prodigia.
340 274 440 305 Lunae
456 273 528 304 duae
546 273 682 303 interdiu
698 279 788 310 ortae,
805 283 859 310 22,
878 282 909 304 1.

159 335 204 341 —
222 318 327 358 Lupus
350 318 431 356 fugit
453 317 493 347 ad
516 317 694 354 Romanos,
711 317 743 346 in
767 317 836 347 acie
851 317 980 353 stantes,
1003 324 1054 352 10,
1071 321 1123 352 27.
1147 314 1267 355 Capuae
1287 325 1362 357 por-

203 368 270 392 tam
295 360 387 391 nofite
410 360 576 400 ingressus,
593 360 692 390 laniat
706 360 850 399 vigilem,
868 369 922 398 27,
942 366 994 398 37.
1018 358 1184 399 Esquilina
1207 366 1297 399 porta
1311 361 1360 390 in-

202 404 318 444 gressus
341 404 590 443 frequentiffima
614 411 702 444 parte
725 403 824 439 urbis,
843 413 897 444 per
919 410 1046 443 portam
1069 402 1237 443 Capenam
1260 413 1360 443 prope

203 448 340 478 intaEtus
362 448 471 486 evaffl,
491 457 543 486 33,
563 450 614 479 26.
633 447 700 478 vid.
718 454 746 478 et
770 457 825 486 21,
842 449 897 488 46.
919 457 976 487 41,
996 457 1046 486 13.
1070 446 1158 487 vigili
1181 445 1327 486 gladium
1341 456 1360 478 e

202 491 318 530 vagina
334 492 449 527 aufert,
467 501 522 527 21,
540 492 592 522 62.

156 550 201 557 —
217 535 297 573 Lupi
318 534 371 564 vifi
396 536 428 564 in
452 534 625 574 Capitolio,
645 544 675 573 3,
699 544 751 574 29.
775 534 912 565 Formiis
933 534 1000 565 ‹luo
1021 532 1104 575 lupi,
1127 533 1287 575 oppidum
1309 532 1361 563 in-

201 577 288 616 greffi
305 578 416 608 obvios
432 577 608 615 laniarunt,
627 587 680 616 32,
699 587 752 616 29.

156 636 201 644 —
216 621 285 651 Lux
299 627 367 651 orta
383 621 489 659 noCte,
508 623 561 658 28,
583 631 633 652 11.
659 631 710 662 29,
729 630 779 661 14.
804 630 858 660 32,
875 631 930 662 29.

155 680 200 687 -—
216 664 305 694 Mare
317 664 400 700 arsit,
419 674 472 703 23,
491 674 542 703 31.

154 723 200 730 —-
217 707 337 737 Milites
355 707 492 738 fulmine
510 707 575 743 ἰΕὶὶ,
598 717 647 743 ιο,
666 717 718 747 31.
744 717 796 744 22,
816 716 845 738 1.

155 767 200 774 -—
216 750 376 781 Militibus
391 751 513 791 aliquot
530 751 650 791 spicula
665 751 819 788 arserunt,
837 760 889 788 22,
911 760 939 782 1.

154 810 199 817 —
216 793 309 824 Mula
327 795 459 834 peperit,
479 803 531 833 37,
552 804 582 833 3.

154 853 200 860 —-
216 837 327 868 Mulus
345 839 439 877 tripes
456 846 564 874 natus,
579 847 634 878 40,
653 847 682 868 2.
700 843 731 867 et
744 847 798 878 45.

156 896 199 903 —
215 880 325 912 Mures
342 882 374 910 in
391 882 459 911 aede
472 882 560 912 Jovis
577 882 718 912 roserunt
734 890 864 917 aurum,
881 887 935 917 27,
950 889 1002 918 23.
1017 878 1085 911 vid.
1099 886 1128 910 et
1145 889 1198 919 30,
1217 889 1248 911 2.

155 939 199 946 —
215 922 328 954 Murus
352 934 389 954 ac
414 933 512 965 portae
535 925 573 955 de
596 924 680 955 coelo
695 924 800 961 ta&ae,
819 934 872 963 24,
888 933 943 963 44.
967 923 1022 961 26,
1039 934 1092 963 23.
1117 931 1168 962 27,
1189 933 1237 954 11.
1254 928 1286 954 et
1303 932 1354 963 23.

202 976 255 1006 29,
275 977 324 1007 ¹4·
352 977 404 1006 30,
422 970 472 1007 38.
499 978 551 1008 35,
572 978 623 999 21.
648 976 701 1006 37,
722 977 750 1006 3.
774 968 899 1016 45216.

155 1026 199 1032 —
215 1010 328 1041 Murus
344 1012 505 1051 turresque
521 1011 713 1041 fulminibus
729 1011 880 1047 decuflae,
899 1017 953 1050 25,
972 1017 1001 1048 7.
1019 1020 1073 1049 32,
1090 1020 1120 1049 9.
1134 1016 1165 1041 et
1183 1020 1237 1050 29.

154 1069 197 1076 ——
213 1052 319 1084 Naves
335 1055 422 1090 duze,
440 1054 577 1084 fulmine
593 1054 675 1090 iaec,
694 1053 945 1092 conflagrarunt,
962 1053 1016 1091 36,
1034 1062 1086 1092 37.
1109 1063 1164 1093 41,
1185 1063 1234 1092 13.

154 1113 198 1119 —
214 1096 358 1127 Navium
386 1097 558 1137 longarum
586 1098 704 1137 species
730 1098 763 1127 in
787 1097 923 1127 flumine
945 1097 1142 1136 Tarracinae,
1159 1106 1233 1136 quae
1254 1094 1355 1127 nullae

199 1147 301 1177 erant,
319 1141 405 1177 visae,
425 1152 477 1180 24,
494 1151 547 1179 44.

153 1199 197 1205 —
214 1182 357 1214 Navium
375 1184 492 1224 species
508 1185 547 1214 de
561 1182 644 1213 coelo
660 1182 789 1219 affulsit,
808 1193 863 1222 21,
881 1184 933 1214 62.

153 1242 196 1248 —
213 1226 287 1256 Nox
306 1228 441 1258 interdiu
458 1227 522 1257 visa
539 1227 674 1263 intendi,
694 1235 724 1264 7,
745 1228 796 1258 28.

154 1286 197 1292 --
214 1269 292 1300 Nux
310 1273 348 1300 de
364 1271 448 1300 coelo
465 1271 559 1307 taEta,
578 1281 632 1309 24,
654 1279 702 1300 10.

153 1329 196 1335 ———
211 1312 322 1343 Palma
345 1314 451 1344 viridis
472 1314 556 1352 arsit,
580 1313 651 1343 ibid.
678 1315 710 1343 in
735 1313 803 1343 aede
828 1312 1031 1352 Primigeniae
1048 1313 1199 1344 Fortunae
1225 1313 1259 1344 in
1282 1321 1354 1345 area

197 1363 303 1392 enata,
320 1367 376 1396 43,
398 1365 447 1396 15.

153 1414 196 1420 ——
213 1398 334 1429 Parmae
352 1401 385 1429 in
403 1399 485 1430 coelo
502 1399 586 1436 visae,
605 1410 658 1437 22,
676 1409 702 1430 ι.

152 1458 196 1464 -
213 1441 390 1472 Pestilentia
406 1450 506 1479 tanta,
523 1450 558 1473 ut
575 1443 715 1472 libitina
730 1451 796 1472 non
813 1442 981 1478 sufficeret,
997 1452 1054 1481 40,
1072 1453 1120 1483 19.

152 1501 195 1507 -
213 1484 313 1515 Pisces
335 1487 542 1523 emerserunt,
568 1495 630 1526 qua
658 1487 860 1516 induceretur
883 1494 1038 1523 aratrum,
1060 1486 1117 1517 sub
1144 1484 1353 1517 existentibus

196 1527 310 1566 glebis,
328 1539 382 1567 42,
400 1540 428 1559 2.

153 1588 196 1594 -
212 1571 328 1602 Porcus
346 1582 422 1602 cum
441 1582 493 1602 ore
510 1573 658 1602 humano
674 1573 813 1611 genitus,
832 1581 885 1610 27,
902 1581 934 1611 4.

151 1630 195 1637 -
212 1614 326 1645 Porcus
339 1616 447 1655 biceps
464 1623 572 1653 natus,
591 1616 644 1653 28,
666 1625 678 1646 1
690 1625 715 1646 1.
733 1625 811 1646 curn
828 1616 976 1645 humano
990 1615 1107 1655 capite,
1125 1624 1180 1654 32,
1197 1624 1228 1654 9.

151 1674 195 1680 —
210 1657 301 1689 Porta
314 1659 353 1689 de
367 1659 450 1689 coelo
468 1659 562 1696 ta6ta‚
579 1669 634 1699 29,
656 1669 706 1699 14.
732 1669 786 1698 32,
808 1669 834 1689 1.
854 1666 908 1698 35,
927 1668 956 1696 9-
980 1667 1038 1698 45,
1060 1660 1109 1689 16.

151 1717 194 1724 -
211 1701 289 1732 Puer
304 1711 380 1732 cum
395 1702 558 1742 elephanti
569 1703 672 1742 capite
686 1711 792 1740 natus,
809 1712 862 1740 27,
883 1712 894 1732 r
906 1712 931 1732 1.
948 1711 1015 1732 non
1027 1711 1159 1740 manus,
1176 1711 1242 1732 non
1257 1701 1352 1742 pedes

195 1744 332 1782 habens,
351 1756 403 1785 34,
419 1755 472 1786 45.
497 1747 685 1783 unimanus,
705 1754 756 1785 35,
776 1757 825 1777 2ι.
851 1746 955 1776 trunci
978 1747 1132 1785 corporis,
1148 1755 1204 1786 41,
1230 1755 1278 1785 13.
1302 1746 1353 1776 bi-

193 1795 267 1826 ceps
283 1795 315 1818 et
331 1789 437 1828 puella
452 1799 530 1819 eum
546 1789 709 1825 dentibus,
726 1799 783 1828 41,
800 1790 851 1819 26.

151 1845 196 1852 —
213 1830 299 1860 Pueri
317 1832 447 1870 ingenui
464 1832 528 1862 fine
545 1832 646 1862 oculis
663 1839 693 1862 et
710 1832 785 1862 naso
802 1833 882 1869 nati,
899 1841 954 1871 34,
969 1839 1023 1872 45.

150 1889 194 1895 —
213 1873 290 1903 Pulli
308 1874 475 1913 gallinacei
493 1884 570 1905 cum
588 1875 683 1905 ternis
700 1875 847 1914 pedibus,
865 1884 918 1913 32,
941 1885 967 1905 1.

148 1932 193 1939 —
208 1916 380 1956 Sanguinis
407 1918 463 1948 rivi
490 1928 544 1957 per
566 1919 652 1948 diem
676 1925 780 1948 totum
799 1917 918 1948 fluxere
943 1919 976 1948 in
999 1918 1066 1948 foro
1082 1917 1275 1955 Sudertano,
1292 1919 1346 1956 26,

193 1969 245 1999 23.
271 1961 302 1990 in
321 1968 409 2000 porta
426 1961 615 1998 Minturnis,
633 1969 687 1998 27,
706 1968 756 2000 37.
781 1962 953 2000 Sanguinis
976 1968 1075 2000 guttae
1093 1962 1125 1991 in
1143 1961 1223 1991 Foro
1238 1968 1269 1992 et
1285 1962 1350 1993 Co-

195 2004 288 2033 mitio
305 2011 336 2034 et
351 2004 510 2044 Capitolio
526 2005 612 2043 visae,
628 2014 681 2045 34,
696 2012 750 2044 45.
773 2006 910 2044 Sanguis
927 2015 942 2034 c
960 2005 1031 2035 foco
1049 2011 1174 2043 manat,
1190 2012 1246 2044 45,
1267 2007 1316 2037 16.

148 2062 192 2069 —
207 2047 371 2086 Sanguine
395 2047 475 2087 pluit
499 2047 644 2084 Calibus,
662 2054 693 2077 et
718 2048 830 2078 Romae
855 2049 887 2078 in
911 2047 976 2078 foro
1003 2048 1126 2084 Boario,
1145 2058 1198 2084 24,
1220 2057 1267 2078 10.
1293 2058 1348 2088 per

193 2089 329 2120 biduum
355 2092 387 2120 in
412 2101 482 2121 area
501 2091 649 2129 Vulcani,
668 2100 718 2130 39.
733 2092 785 2131 46.
809 2098 840 2121 et
858 2092 890 2120 in
913 2101 984 2121 area
1000 2091 1202 2129 Concordiae,
1221 2101 1274 2131 39,
1294 2093 1347 2133 56.

195 2133 261 2163 vid.
279 2141 306 2162 et
326 2143 450 2174 40,19.
475 2144 530 2173 43,
553 2141 601 2175 ¹5·

150 2190 192 2196 —
209 2176 330 2206 Saxum
350 2178 460 2216 ingens
478 2177 575 2207 Reate
592 2176 721 2207 volitare
737 2177 856 2214 visum,
876 2185 928 2216 25,
947 2186 977 2214 7.

151 2233 193 2239 -
209 2218 315 2258 Scipio
332 2221 546 2251 circumeunti
565 2220 687 2260 vigilias
704 2222 803 2259 equiti
822 2221 854 2250 in
869 2230 969 2251 manu
986 2219 1071 2258 arsit,
1091 2230 1143 2258 22,
1165 2229 1191 2251 1.

148 2276 193 2283 —
209 2261 305 2291 Scuta
322 2262 509 2301 sanguinem
527 2264 691 2301 sudarunt,
707 2263 779 2294 ibid.

150 2319 193 2325 —
210 2304 382 2342 Semimas,
403 2315 455 2346 39,
475 2316 526 2338 22.

150 2362 193 2369 —
209 2347 345 2386 Signum
363 2349 450 2379 Jovis
468 2350 499 2379 in
517 2356 627 2380 monte
642 2349 770 2379 Albano
787 2350 825 2379 de
840 2349 924 2380 coelo
940 2349 1073 2382 melum,
1093 2357 1144 2386 27,
1167 2359 1215 2380 11.
1254 2374 1259 2379 .

149 2405 194 2413 —-
209 2390 307 2430 Signa
324 2392 357 2421 in
374 2392 500 2422 Sabinis
525 2391 629 2423 multo
651 2403 762 2423 cruore
781 2401 966 2431 manarunt,
985 2403 1037 2430 22,
1057 2390 1108 2431 36.
1154 2393 1286 2423 Lanuvii
1303 2394 1343 2424 ad

192 2433 331 2466 Junonis
355 2435 489 2476 Sospitae
505 2445 615 2467 cruore
632 2443 820 2473 manarunt,
836 2446 889 2475 23,
910 2446 961 2475 3¹·
978 2437 1010 2467 in
1027 2445 1101 2475 agro
1117 2436 1291 2477 Capenate,
1304 2437 1344 2467 ad
