1572 2616
485 169 857 202 HISTORIARUM
883 164 1087 200 LIBROS.
1322 169 1369 199 11

185 260 364 302 AEsquiliae,
379 259 446 291 vid.
463 260 623 300 Esquiliae.

184 305 339 336 AEsulana
352 313 420 341 arx,
435 304 487 340 26,
505 312 537 342 9.

185 346 341 382 AEthalia,
359 347 473 385 insula,
488 354 541 385 37,
558 354 607 384 13.

183 391 296 426 AEtna,
315 399 423 425 mons,
441 390 494 426 26,
511 399 564 430 29.

183 432 368 463 AEtolorum
386 432 557 463 confilium
583 437 615 462 et
638 431 756 461 foedera
778 439 856 460 cum
882 429 1051 468 Romanis,
1076 431 1127 464 26,
1146 439 1198 469 24.
1221 429 1372 460 adversus

226 475 415 516 Philippum
438 475 563 506 bellum
585 481 732 510 movent,
755 474 827 503 ibid.
850 473 974 504 bellurn
1002 474 1143 504 inferunt
1165 474 1370 512 Acarnaniae,

226 528 246 550 2
273 540 280 548 .

251 525 506 600 ⁵depopulantur
522 561 671 596 Achaeos,
692 555 812 597 27,'29.
830 559 1005 589 vincuntur
1020 567 1038 589 a
1053 559 1215 598 Philippo,
1232 567 1284 597 30.

269 606 397 634 anirnos
411 604 531 635 tollunt
554 614 571 633 a
588 604 735 635 Romana
750 602 910 638 societate,
926 609 957 632 et
973 603 1040 642 post
1055 603 1155 632 Attali
1173 603 1367 638 adventum,

227 647 283 685 28,
301 654 331 687 5.
353 646 469 678 saltum
490 646 785 687 Thermopylarum
808 645 990 682 insidentes,
1015 655 1033 674 a
1056 645 1204 685 Philippo
1226 645 1369 675 fundun-

226 695 292 726 tur,
311 697 340 725 7.

269 741 385 772 pacem
401 732 524 763 faciunt
540 741 617 763 cum
634 741 685 768 eo,
706 741 758 772 29,
779 740 828 761 12.

271 775 311 805 ad
327 784 380 804 eos
390 774 510 814 legatos
527 776 626 805 mittit
639 774 813 814 Philippus,
830 783 869 803 ne
882 773 1021 804 adventu
1035 773 1259 803 Romanorum
1271 772 1372 803 fidem

226 824 370 854 mutent,
393 827 445 856 31,
465 819 514 848 28.
541 827 617 847 eum
634 817 875 847 Athamanibus
899 816 1022 846 bellum
1048 817 1187 846 inferunt
1209 815 1371 855 Philippo,

228 866 261 890 et
281 860 320 890 ab
337 869 375 890 eo
397 860 578 896 caeduntur,
595 870 647 900 4¹·
668 860 813 890 deserunt
835 861 944 898 castra,
958 866 988 889 et
1004 861 1037 889 in
1057 858 1213 889 AEtoliam
1229 859 1372 897 fugiunt,

226 913 281 943 42.
310 902 494 934 AEtolorum
517 903 672 941 juventus
694 904 727 933 in
743 903 923 942 AEgyptum
951 902 1093 938 adveffl,
1111 911 1163 940 43.
1187 902 1375 933 AEtolorurn

225 944 406 985 legatorum
430 955 506 976 cum
522 946 631 976 Attalo
646 953 677 976 et
689 946 846 976 Romanis
863 945 1078 983 colloquium,
1094 946 1149 983 46.

272 987 457 1018 AEtolorum
479 989 658 1019 concilium
683 988 873 1019 Heracleam
891 988 1063 1023 indfflum,
1083 997 1133 1026 33,
1150 997 1178 1025 3.
1202 986 1241 1017 ab
1257 994 1372 1016 eorum

228 1030 391 1070 equitibus
408 1031 482 1069 regii
496 1031 660 1069 fugantur,
673 1032 703 1061 6.
719 1041 828 1061 eorum
846 1040 942 1070 eques
960 1032 991 1060 in
1009 1031 1134 1060 Gra‘cia
1147 1031 1190 1060 est
1202 1030 1297 1068 longe
1313 1039 1373 1068 op-

229 1074 342 1107 timus,
360 1073 464 1112 pedite
481 1074 562 1103 inter
577 1074 732 1104 finitimos
748 1075 931 1106 vincuntur,
948 1080 975 1109 7.
993 1083 1104 1103 eorum
1121 1073 1271 1110 querelae,
1290 1072 1374 1102 insa-

229 1115 348 1146 tiabilis
363 1116 497 1145 aviditas
513 1116 636 1155 praedae,
654 1123 684 1146 et
699 1117 890 1155 arrogantia,
910 1125 957 1146 11.
975 1117 1056 1146 inter
1080 1125 1132 1145 eos
1148 1123 1179 1146 et
1197 1116 1375 1145 Quintium

230 1159 271 1188 de
284 1158 406 1188 Thebis
422 1158 612 1189 Phthioticis
632 1159 830 1198 disceptatio,
852 1168 900 1197 13.
915 1160 1003 1198 pacis
1020 1168 1095 1188 curn
1118 1158 1266 1197 Philippo
1288 1157 1374 1197 leges

229 1210 297 1231 non
320 1202 510 1240 approbant,
539 1211 589 1240 31.
606 1211 657 1241 35.
680 1202 809 1241 ingenio
837 1202 981 1240 inquieta
1001 1211 1092 1241 gens,
1115 1212 1169 1241 44.
1186 1200 1377 1232 AEtolorum:

229 1244 332 1274 animi
348 1253 405 1274 cur
417 1244 546 1274 alienati
563 1254 582 1274 a
593 1244 738 1274 societate
755 1245 916 1280 Romana,
928 1254 982 1284 49.

273 1287 470 1318 invehuntur
491 1287 526 1317 in
546 1288 770 1326 Athenienses,
790 1294 823 1318 et
841 1287 1006 1318 Romanos
1032 1286 1221 1318 insimulant
1238 1286 1378 1324 fraudis,⁷

231 1338 284 1368 342
301 1339 351 1368 23·

272 1372 438 1402 concitant
454 1381 540 1412 reges
563 1373 603 1403 ad
625 1371 748 1404 bellum
772 1373 974 1410 Romanum,
992 1379 1044 1413 35,
1065 1383 1113 1404 12.
1136 1373 1303 1403 decretum
1324 1372 1380 1402 sa-

231 1413 336 1452 ciunt,
359 1424 422 1453 quo
446 1415 604 1445 arceffitur
623 1417 806 1446 Antiochus
833 1417 871 1446 ad
900 1416 1098 1446 liberandam
1123 1415 1297 1452 Graeciam,
1316 1425 1369 1454 33.

229 1464 392 1496 occupant
413 1457 654 1488 Demetriadem
670 1458 797 1493 urbem,
818 1468 868 1497 34.
883 1459 992 1488 Nabin
1015 1458 1222 1495 interficiunt,
1241 1464 1293 1498 35.
1309 1467 1380 1488 cae—

228 1499 350 1529 duntur
370 1509 389 1530 a
405 1499 667 1536 Lacedaemoniis,
686 1502 737 1538 36.
759 1501 947 1531 Chalcidem
963 1511 1147 1540 oppugnare
1162 1507 1300 1538 tentant,
1317 1508 1377 1539 37.

228 1542 431 1573 Antiochum
458 1542 620 1582 appellant
641 1544 879 1582 imperatorem,
897 1551 951 1584 45.
975 1543 1160 1574 AEtolorum
1186 1544 1373 1583 principum

229 1593 308 1614 cum
332 1585 594 1616 Chalcidensibus
614 1585 826 1626 colloquium,
849 1587 902 1626 46.
928 1593 1054 1617 tentant
1081 1587 1180 1617 socios
1207 1587 1375 1618 Romano-

230 1636 315 1661 rum,
356 1635 382 1664 7.

273 1669 302 1700 se
324 1637 529 1709 sonjungunt
544 1671 722 1710 Antiocho,
749 1673 802 1710 36,
820 1683 850 1712 9.
868 1671 1038 1702 includunt
1062 1672 1122 1703 sese
1140 1672 1315 1706 Heracleae,
1337 1678 1373 1703 et

224 1711 303 1751 juga
319 1714 439 1744 montis
461 1713 547 1743 OEtae
569 1721 743 1754 occupant,
764 1715 814 1744 16.
836 1715 1017 1752 caeduntur,
1039 1717 1086 1746 18.
1107 1715 1272 1746 Heracleae
1287 1715 1372 1745 obfi-

228 1755 355 1791 demur,
382 1765 433 1786 22.
462 1756 651 1796 permittunt
675 1757 704 1786 se
730 1757 762 1786 in
787 1757 884 1787 fidem
912 1758 1150 1794 Romanorum,
1168 1766 1198 1788 et
1222 1759 1370 1797 gravibus

229 1798 366 1828 consulis
390 1799 530 1837 imperiis
545 1799 649 1829 rursus
672 1799 712 1829 ad
727 1798 850 1829 bellurn
866 1801 1053 1837 incitantur,
1071 1802 1122 1831 28.
1142 1811 1191 1841 29.
1210 1800 1317 1830 obseffi
1335 1802 1370 1830 in

228 1840 307 1870 urbe
325 1840 495 1880 Naupafito
507 1841 682 1881 implorant
694 1851 791 1881 opem
803 1843 841 1872 Τ.
855 1843 996 1881 Quintii,
1015 1853 1065 1882 34.
1090 1844 1262 1885 impetrant
1276 1844 1370 1874 indu-

229 1883 304 1915 cias,
320 1890 350 1912 et
366 1883 486 1921 legatos
502 1885 636 1914 mittunt
653 1885 806 1921 Romam,
821 1892 872 1925 35.

273 1925 316 1955 Hi
339 1925 454 1955 inseEta
470 1935 548 1965 pace
564 1927 782 1963 dimittuntur,
802 1935 854 1966 37,
877 1937 902 1958 1.
926 1928 1026 1958 AEtoli
1043 1936 1205 1968 occupant
1220 1936 1369 1960 montem

228 1967 397 2005 Coracem,
414 1979 446 2008 4.
461 1970 633 2007 impetrant
649 1979 667 1999 a
682 1969 811 2000 consule
829 1971 862 2000 L.
878 1971 1029 2009 Scipione
1046 1972 1190 2001 inducias
1208 1972 1258 2001 sex
1276 1982 1369 2002 men-

228 2010 322 2047 slum,
343 2018 370 2047 7.
385 2020 447 2050 pax
465 2013 634 2042 convenire
651 2021 717 2042 non
733 2013 844 2052 potest,
861 2024 913 2053 49.
925 2014 1063 2044 inferunt
1081 2014 1202 2044 bellum
1219 2014 1378 2054 Dolopiae>

226 2059 259 2082 et
273 2054 493 2091 Athamaniae,
510 2054 582 2084 ibid.
599 2061 627 2084 et
645 2056 695 2093 38,
715 2064 742 2084 r.

270 2105 384 2134 pacem
408 2103 522 2135 petunt
543 2106 562 2127 a
589 2096 639 2127 M.
657 2097 770 2127 Fulvio
791 2098 934 2135 consule,
953 2099 1006 2137 38,
1025 2100 1055 2129 8.
1073 2098 1208 2139 Legatos
1232 2100 1368 2131 mittunt

227 2137 378 2172 Romam,
401 2148 448 2169 ιο.
466 2140 562 2179 Leges
578 2140 665 2179 pacis
681 2149 759 2170 cum
775 2140 904 2178 AErolis,
927 2151 976 2171 11.

269 2181 308 2210 de
326 2182 362 2211 iis
380 2182 558 2221 triumphat
575 2182 624 2212 M.
643 2182 782 2216 Fulvius,
799 2193 852 2223 39,
869 2190 898 2223 5.

267 2232 378 2254 eorum
396 2225 518 2254 mutuis
534 2225 675 2255 caedibus
691 2226 723 2254 in
741 2226 921 2265 semetipsos
936 2227 1040 2258 versus
1056 2228 1154 2265 furor,
1169 2237 1223 2267 41,
1243 2237 1294 2266 30.

270 2274 382 2296 eorum
396 2267 562 2298 discordias
579 2268 659 2307 sopit
676 2268 860 2304 Marcellus,
874 2278 930 2308 42,
948 2278 977 2308 5.

270 2307 371 2338 AEtoli
395 2317 569 2340 occurrunt
593 2310 737 2340 sordidati
766 2311 799 2340 L.
815 2311 951 2341 AEmilio
975 2312 1098 2350 Paullm
1114 2320 1166 2353 45,
1186 2315 1238 2345 28.
1253 2323 1365 2344 eorum

227 2349 363 2389 querelae
379 2351 418 2381 de
433 2352 630 2392 principibus
644 2353 705 2382 suis
719 2354 897 2387 intersectis,
915 2361 969 2385 aut
987 2356 1017 2386 in
1029 2355 1176 2388 exsilium
1193 2356 1278 2391 aeus,
1291 2357 1374 2386 ibid..

225 2390 265 2425 (ae
281 2401 318 2423 eo
332 2395 458 2433 negotio
472 2396 613 2435 cognitio
629 2402 659 2426 et
672 2395 848 2435 judicium,
867 2406 917 2438 31.
