1572 2616
211 164 293 195 200
556 167 720 196 INDEX
756 167 810 196 IN
845 168 890 196 T.
922 169 1055 198 LIVII

205 243 361 283 Prodigia.
386 244 506 276 Corvus
521 252 596 276 ante
618 247 794 286 Papirium,
812 247 990 287 consulem,
1007 248 1139 285 occinit,
1160 258 1210 286 10,
1222 260 1276 290 40.
1299 251 1333 280 in
1356 260 1400 280 ae·

249 286 325 317 dem
336 288 476 319 Junonis
491 288 662 327 devolavit,
674 298 705 320 et
721 291 755 320 in
769 291 834 330 ipso
851 291 1029 330 pulvinario
1044 292 1196 330 consedit,
1215 303 1267 331 21,
1283 295 1334 324 62.

204 345 248 353 —
264 330 358 361 Corvi
376 332 490 362 nidum
505 333 628 362 faciunt
645 334 677 363 in
693 335 761 363 aede
776 334 908 374 Sospitae
923 336 1075 371 Junonis,
1095 345 1148 375 24,
1170 346 1218 367 10.
1233 346 1349 367 aurum
1364 336 1397 366 in

247 373 407 414 Capitolio
432 385 497 405 non
519 382 648 406 tantum
672 377 817 408 laceraffe
842 379 943 409 rostris
967 379 1089 416 crediti,
1106 380 1157 410 sed
1173 381 1271 410 etiam
1288 379 1394 417 ediffe‚

247 425 301 456 30,
321 428 352 449 2-

203 476 245 482 —-
261 460 356 491 Creta
369 460 465 500 pluit,
482 471 536 502 24,
557 472 606 493 10.

203 518 246 527 -
262 503 403 534 Culmen
428 506 505 535 aedis
527 506 616 535 Jovis
633 505 771 537 fulmine
787 505 901 545 i&um‚
919 516 957 538 ac
981 517 1078 548 prope
1093 508 1184 539 omni
1201 507 1285 539 tedio
1301 508 1404 539 nuda·

245 552 332 584 tum,
351 555 405 585 27,
419 557 450 585 4.

201 605 247 613 —
261 590 426 629 Equuleus
441 600 521 622 cum
536 592 680 632 quinque
697 592 831 632 pedibus
846 600 954 632 natus,
973 603 1025 632 30,
1041 605 1070 625 2.
1088 604 1142 633 31,
1162 602 1212 626 12.

201 648 246 656 —
262 633 395 673 Fastigia
413 634 609 674 templorum
626 645 645 665 a
662 635 864 666 culminibus
880 636 1021 676 abrepta,
1037 647 1091 676 40,
1111 648 1140 668 2.

200 691 245 699 —
260 676 327 707 Fax
343 677 383 707 ab
397 684 467 708 ortu
484 677 566 708 Solis
579 679 619 709 ad
635 679 838 709 occidentem
854 680 969 719 porrigi
985 680 1061 717 visa,
1080 690 1133 718 29,
1153 690 1202 721 14.
1215 679 1281 711 vid.
1299 686 1328 709 e!
1345 689 1399 719 30,

247 728 277 750 2.
291 729 347 759 41,
366 730 417 751 20.
434 727 462 750 et
478 723 529 753 26.
546 731 601 761 43,
621 731 670 762 15.
694 731 749 762 45,
771 724 821 753 16.

199 777 244 785 —
260 762 398 794 Flumen
415 765 575 794 Amiterni
593 772 765 795 cruentum
780 765 960 805 fluxit,'24‚
977 775 1030 806 44.

199 821 244 829 -
259 806 343 837 Fons
359 808 392 837 in
408 808 479 838 vico
496 808 604 838 Istrico
627 808 684 838 sub
709 815 789 838 terra
804 815 895 838 tanta
910 810 939 839 vi
955 818 1114 848 aquarum
1130 808 1237 848 fluxit,
1254 815 1290 840 ut
1306 809 1397 839 serias

243 849 392 890 doliaque
406 851 494 881 velut
511 852 636 891 impetu
652 852 798 881 torrentis
813 852 932 889 tulerit,
949 862 1002 892 24,
1023 861 1072 882 10.

197 908 244 915 —
260 892 344 924 Fons
362 893 511 925 Herculis
524 895 664 925 cruentis
683 895 802 934 sparsus
819 896 963 926 manavit
979 894 1130 932 maculis,
1149 906 1203 933 22,
1222 905 1250 926 1.

199 951 245 959 —
260 935 381 967 Forum
399 937 515 968 Ariciae
539 938 577 968 de
601 938 685 968 coelo
702 937 839 976 taEtum,
857 947 910 978 30,
929 941 980 978 38.
1005 939 1039 969 in
1061 939 1129 969 foro
1151 939 1273 979 Capuae
1295 937 1400 969 multa

242 979 381 1010 aedifieia
393 980 432 1010 de
446 980 530 1010 coelo
546 981 641 1017 tae'ta,
655 991 710 1020 41,
730 991 780 1020 13.

199 1036 243 1044 ·-
258 1022 389 1053 Gallina
404 1025 437 1053 in
455 1034 592 1062 marem,
608 1024 722 1055 Gallus
738 1025 771 1054 in
786 1024 945 1055 feminam
968 1024 1030 1056 sese
1045 1025 1150 1062 vertit,
1167 1035 1221 1063 22,
1241 1035 1268 1056 1.

198 1080 242 1088 —
258 1065 357 1097 Hasta
383 1067 497 1098 Martis
522 1068 577 1098 sua
601 1068 713 1107 sponte
737 1074 897 1108 promota,
918 1078 971 1108 24,
992 1077 1040 1100 10.
1063 1068 1130 1100 vid.
1148 1076 1175 1098 et
1192 1079 1246 1107 21,
1263 1068 1316 1101 62.
1338 1077 1396 1108 40,

246 1118 296 1147 19.

197 1169 240 1175 --
257 1152 431 1183 Hastarum
447 1152 568 1193 spicula
585 1153 737 1191 arserunt,
757 1163 810 1192 33,
826 1155 878 1186 26.
902 1163 960 1193 43,
979 1161 1030 1194 15.

197 1211 241 1219 —
255 1195 415 1226 Homines
428 1196 551 1236 aliquot
566 1197 604 1227 de
621 1197 704 1227 coelo
720 1197 808 1234 taffi,
823 1198 1078 1236 exanimatique,
1096 1206 1149 1235 22,
1168 1197 1221 1236 36.

196 1238 341 1277 —Ignis
357 1240 391 1269 in
407 1240 475 1270 aede
491 1240 591 1270 Vestae
605 1240 790 1276 exstinfitus,
808 1242 861 1277 28,
883 1250 931 1271 11.
955 1250 1010 1279 41,
1028 1251 1057 1271 2.

198 1296 238 1305 -—
256 1281 351 1321 Ignes
367 1282 459 1322 sparsi
476 1283 510 1313 in
532 1282 629 1319 coelo,
650 1292 704 1321 30,
718 1293 747 1314 2.
766 1283 920 1320 coelestes,
937 1282 1148 1314 multifariam
1163 1283 1236 1321 orti,
1253 1283 1394 1314 adurunt

241 1324 463 1365 complurium
480 1327 681 1362 vestimenta,
700 1336 754 1366 39,
772 1336 825 1357 22.

196 1368 365 1398 —Imber
383 1368 542 1409 lapideus,
560 1378 614 1408 30,
632 1371 684 1408 38.
708 1379 764 1409 43,
785 1377 835 1410 15.

197 1427 241 1434 --
256 1411 367 1442 Infans
383 1412 417 1442 in
433 1418 523 1443 utero
540 1414 651 1443 matris
664 1411 797 1450 clamat,
814 1413 850 1443 10
867 1412 1045 1452 triumphe,
1064 1421 1117 1451 24,
1137 1421 1188 1442 10.

196 1470 239 1477 -
256 1454 366 1485 Infans
381 1455 536 1496 ambiguo
552 1457 634 1487 inter
648 1465 772 1486 marem
787 1462 819 1487 et
834 1456 994 1486 feminam
1011 1456 1088 1486 sexu
1102 1462 1209 1492 natus,
1224 1460 1277 1492 27,
1301 1463 1312 1485 1
1322 1463 1348 1485 1.
1365 1459 1398 1484 et

266 1505 295 1535 7.
347 1508 375 1535 ι,
402 1508 451 1529 12.

197 1507 365 1571 —31nfaiis
380 1542 539 1582 ingenuus
561 1541 715 1573 semestris
738 1542 771 1572 in
796 1541 863 1572 foro
886 1540 1022 1572 Olitorio
1044 1540 1249 1581 triumphum
1264 1539 1397 1577 clamat,

242 1593 296 1620 21,
315 1584 367 1614 62.

196 1640 239 1647 —-
253 1626 359 1657 Julius
375 1627 547 1666 Sequestris
562 1627 699 1657 fulmine
714 1627 777 1667 ipse
793 1633 823 1657 et
839 1636 941 1666 equus
955 1627 1136 1658 exanimati
1152 1626 1238 1663 sunt,
1257 1635 1310 1665 33,
1327 1626 1379 1657 26.

196 1685 240 1691 ——-
255 1669 318 1699 Lac
333 1669 441 1706 fluxit,
458 1679 511 1708 34,
527 1676 581 1709 45.

194 1727 240 1734 ·-
255 1711 349 1744 Labie
365 1713 461 1752 pluit,
477 1720 529 1749 27,
548 1723 558 1742 1
569 1722 596 1743 1.

196 1770 239 1777 —
255 1756 358 1786 Lacus
373 1755 530 1792 Albanus,
546 1756 612 1786 fine
634 1755 707 1786 ullis
723 1754 905 1786 coelestibus
920 1755 1012 1796 aquis
1031 1754 1176 1786 cauffave
1191 1763 1255 1794 qua
1271 1753 1345 1790 alia,
1360 1753 1395 1784 in

239 1798 445 1829 altitudinem
462 1798 623 1830 insolitam
639 1799 750 1835 crevit,
767 1808 798 1839 5,
816 1806 866 1839 15.

194 1856 239 1862 ——
255 1842 356 1872 Lacus
372 1842 526 1881 sanguine
540 1843 693 1876 manavit,
708 1849 762 1878 27,
779 1852 831 1881 23.

195 1900 238 1906 —
255 1885 342 1914 Lana
357 1884 447 1924 pulla
461 1895 478 1914 e
495 1891 575 1915 terra
589 1892 695 1922 enata,
711 1894 767 1924 42,
786 1896 815 1916 2.

195 1943 238 1949 —
254 1927 348 1967 Lapis
363 1929 396 1958 in
411 1937 486 1967 agro
501 1928 708 1958 Crustumino
723 1929 757 1958 in
779 1927 890 1958 lacum
905 1926 1017 1958 Martis
1033 1927 1072 1957 de
1087 1926 1171 1957 coelo
1185 1925 1317 1963 decidit,
1330 1935 1388 1966 41,

244 1980 255 2000 1
264 1980 293 2008 3.

194 2028 237 2034 —
253 2013 425 2051 Lapidibus
441 2012 535 2052 pluit,
556 2023 586 2050 1,
601 2023 653 2052 31.
679 2021 709 2050 7,
726 2014 778 2045 28.
804 2023 857 2050 21,
873 2013 925 2044 62.
956 2013 1088 2052 Lapides
1102 2013 1280 2051 frequentes
1296 2019 1390 2049 gran-

236 2056 321 2086 dinis
337 2057 431 2086 instar
445 2056 612 2094 decidunt,
631 2066 683 2093 22,
698 2057 749 2095 36.
776 2066 829 2095 23,
843 2066 895 2095 3ῐ.
919 2064 973 2096 25,
991 2063 1021 2092 7.
1046 2056 1100 2092 26,
1119 2065 1171 2093 23·
1196 2061 1250 2090 27,
1265 2061 1318 2092 37·
1334 2062 1388 2091 Ζ9,

240 2109 290 2129 10.
307 2105 404 2171 et814.
422 2108 476 2138 30,
491 2099 542 2137 38.
569 2108 621 2138 34,
637 2106 690 2139 45.
715 2106 768 2139 35,
785 2110 816 2140 9.
840 2101 894 2138 36,
911 2107 964 2138 37.
988 2100 1042 2138 38,
1064 2099 1115 2138 36.
1135 2107 1188 2136 39,
1207 2107 1258 2129 22.
1281 2106 1337 2136 42,
1357 2106 1389 2127 2.

236 2151 291 2180 44²
313 2150 326 2170 Ῑ
355 2163 364 2172 ·

193 2200 236 2206 -—
252 2185 372 2214 Laurea
388 2185 421 2213 in
437 2184 535 2224 puppi
552 2184 641 2215 navis
654 2183 760 2224 longae
775 2190 881 2221 enata,
899 2193 952 2222 32,
973 2193 1001 2215 ι.

193 2242 238 2249 -
250 2227 401 2265 Legiones
415 2233 546 2257 armatae
563 2227 595 2256 in
611 2227 760 2257 Janiculo
775 2228 860 2263 visae,
879 2237 931 2267 24,
950 2236 1000 2257 10.

195 2285 238 2293 -
253 2270 462 2300 Locustarum
481 2271 527 2300 vis
544 2270 668 2309 ingens,
686 2271 729 2300 ita
745 2277 794 2307 ut,
812 2270 896 2300 unde
913 2268 1119 2306 advenissent,
1136 2277 1249 2308 parum
1265 2268 1389 2298 consta·

236 2319 294 2350 ret,
312 2322 448 2343 omnem
469 2323 583 2353 agrum
607 2313 690 2343 circa
715 2312 864 2352 Capuam
886 2311 1073 2352 complevit,
1087 2321 1140 2352 30,
1159 2323 1188 2345 2.
1207 2311 1273 2342 vid.
1290 2317 1319 2339 et
1328 2320 1384 2350 42,

239 2366 270 2387 2.
286 2362 314 2384 et
332 2364 381 2385 10.

194 2414 238 2422 —
250 2398 354 2429 Lucus
371 2398 502 2430 Maricae
518 2399 557 2429 de
570 2398 654 2430 coelo
670 2397 784 2437 taaus,
803 2403 855 2435 27,
872 2405 924 2437 37.
