1572 2616
435 141 814 172 Hls‘romARUM
851 120 1061 172 mimos.
1298 130 1350 186 85

158 223 374 264 Euhydrium,
388 223 558 263 oppidum,
574 224 710 253 vastatur
726 232 744 252 a
760 222 920 262 Philippo,
938 232 991 263 32,
1012 232 1061 261 13.

158 267 321 298 Eumenes
337 276 404 303 rex,
421 265 520 296 Attali
536 265 635 304 filius,
654 275 706 304 33,
723 275 775 305 30.
791 273 821 295 et
838 275 889 305 34.

245 310 404 340 auxilium
419 309 476 339 fert
491 310 531 339 T.
551 310 699 347 Quintio,
713 309 848 346 consuli,
867 319 920 348 34,
939 309 989 339 26.
1008 314 1039 338 et
1056 318 1107 347 30.

246 354 358 382 incitat
374 352 538 382 Romanos
554 353 593 382 ad
609 353 733 383 bellurn
750 359 861 382 contra
875 353 1092 389 Antiochum,
1111 358 1165 391 35,
1186 360 1235 390 13.

243 396 381 426 occurrit
397 405 474 425 cum
496 396 595 425 tribus
611 396 746 425 navibus
763 395 799 426 C.
817 395 918 432 Livio,
936 395 1083 435 praefeSm
1108 394 1209 425 claffis
1231 395 1352 425 Roma-

201 447 266 475 nae,
285 441 338 477 36,
357 449 409 478 42.
432 439 500 476 ejus
524 440 556 468 in
578 449 686 478 pugna
702 438 808 469 navali
830 439 918 469 fortis
941 446 971 468 et
995 438 1097 469 fidelis
1113 447 1220 478 opera,
1235 448 1288 478 44.
1305 438 1353 468 di·

200 483 337 512 mittitur
352 483 502 518 domum,
517 489 570 521 45.

243 525 381 554 occurrit
403 525 532 555 obviam
550 524 698 561 AEmilio,
714 532 767 563 37,
789 534 837 564 14.
860 525 928 563 ejus
945 525 1032 564 regni
1047 530 1143 564 caput
1157 525 1352 564 Pergamum

200 567 358 598 obsidetur
379 577 398 597 a
421 568 567 606 Seleuco,
584 569 739 598 Antiochi
759 568 839 606 filio,
860 570 908 599 18.
932 569 1045 607 praesto
1065 569 1109 598 est
1132 567 1301 605 Romanis,
1319 568 1353 598 in

198 610 310 641 Asiam
334 611 578 649 trajicientibus,
596 621 647 650 33.
672 614 814 651 itemque
831 612 864 641 in
882 621 989 651 pugna
1012 618 1090 641 cum
1105 612 1282 648 Antiocho,
1298 621 1353 651 41.

201 654 410 693 proficiscitur
433 655 587 691 Romam,
609 664 662 695 45.
685 656 713 684 ei
737 656 830 685 datur
854 655 991 691 senatus,
1018 662 1068 694 52.
1093 654 1161 692 ejus
1184 654 1354 694 postulata,

201 707 253 738 53.
278 708 349 736 quae
367 698 509 736 regiones
525 705 556 728 et
571 699 714 728 civitates
730 700 758 729 ei
775 699 970 728 nominatim
985 698 1080 735 datae,
1099 699 1151 736 38,
1168 708 1220 738 39.

243 741 312 777 ejus
329 741 422 780 legati
439 742 477 770 de
495 741 642 780 Philippo
659 749 847 780 queruntur,
866 751 919 779 39,
938 749 989 777 27.

243 783 385 814 Romam
411 785 510 821 venit,
527 792 558 814 et
573 785 719 815 Perseum
742 784 896 814 Romanis
921 783 1098 824 suipefimm
1121 784 1208 820 facit,
1225 794 1280 823 42,
1301 793 1351 814 11.

201 827 312 869 etseqq
349 828 529 858 Eumenem
545 828 698 858 accusant
722 828 852 864 Rhodii,
869 829 990 864 frustra,
1011 837 1060 866 14.
1086 828 1117 856 111
1134 837 1210 857 eum
1228 828 1354 866 percus-

201 870 281 900 sores
298 871 395 900 mittit
413 871 547 905 Perseus,
569 878 616 910 15.
641 871 835 901 adscendens
851 871 994 910 Delphos
1011 870 1170 910 lapidibus
1193 870 1350 907 obruitur,

200 912 273 942 ibid.
299 915 417 953 sopitus
440 914 571 945 vulnere
593 914 726 951 tollitur,
748 921 779 944 et
801 915 956 953 AEginam
982 914 1178 950 transfertur,
1200 915 1248 944 16.
1274 915 1353 944 redit

199 955 404 995 Pergamum,
426 959 474 987 18.

243 1002 310 1037 ejus
328 1000 404 1029 fides
421 1001 530 1035 dubia,
547 1010 601 1039 44,
623 1011 670 1039 13.
689 1007 719 1030 et
738 1010 787 1031 20.
806 1010 881 1030 eum
899 999 1045 1030 sollicitat
1059 1000 1197 1036 Perseus,
1216 1010 1266 1038 24.
1281 1000 1350 1038 ejus

200 1043 342 1078 consilia,
361 1051 483 1073 etcum
508 1044 615 1073 Perseo
638 1044 842 1079 nundinatio,
860 1053 912 1083 25.
936 1043 1070 1079 auxilia,
1089 1044 1128 1073 ab
1145 1053 1182 1073 eo
1198 1043 1287 1073 miffa
1311 1044 1350 1073 ad

197 1086 345 1115 Attalum
369 1087 510 1122 fratrem,
528 1086 909 1126 intercipiunturaclafle
931 1087 1166 1123 Macedonum,
1184 1087 1235 1116 2.ss
1259 1087 1353 1117 Atta·

200 1128 244 1165 lo,
261 1131 349 1158 eunti
369 1129 518 1163 Romam,
535 1130 679 1168 adjungit
696 1130 847 1159 Stratium
866 1130 1045 1167 medicum,
1063 1137 1117 1170 45,
1139 1140 1188 1171 19.

156 1170 332 1209 Eumenes,
350 1173 413 1202 dux
434 1173 542 1208 Persei,
561 1174 670 1212 praeest
683 1173 930 1210 ThessaIOnicae,
945 1183 998 1212 44,
1017 1182 1068 1211 32.

156 1214 337 1252 Eunomus,
355 1223 468 1255 praetor
481 1216 717 1253 Urheffalorum
737 1224 790 1256 35,
808 1225 860 1255 39.

157 1257 281 1294 Eunus,
299 1259 415 1296 servus,
433 1259 556 1289 bellum
572 1260 634 1289 ciet
648 1261 679 1289 in
692 1260 815 1297 Sicilia,
831 1260 914 1300 Epit.
929 1260 980 1299 56.

154 1300 342 1340 Eupalium,
360 1305 413 1339 28,
429 1303 458 1332 8.

157 1343 340 1382 Euphanes,
357 1346 422 1375 (lux
440 1344 607 1381 Cretensis,
626 1346 679 1384 36,
699 1353 727 1384 5.

157 1386 358 1425 Euphranor,
373 1389 536 1428 praefefflus
551 1389 661 1425 Persei,
679 1388 1108 1428 interficituraDolopibus,
1124 1399 1180 1429 42,
1197 1399 1251 1429 41.

157 1429 358 1469 Euphranor,
375 1432 440 1461 dux
457 1432 537 1461 alius
554 1432 664 1467 Persei,
681 1441 736 1470 44,
758 1441 806 1469 13.

156 1473 353 1512 Eupolemus
370 1475 592 1512 Ambraciam,
610 1475 761 1504 obsessam
777 1484 794 1504 a
812 1474 979 1511 Romanis,
996 1475 1103 1510 intrat,
1121 1476 1175 1513 38,
1193 1486 1224 1515 4.

156 1516 338 1556 Eupolemi,
356 1519 507 1558 principis
523 1518 769 1558 Hypataeorum,
788 1519 818 1547 in
836 1518 959 1548 exsules
975 1519 1117 1557 perfidia,
1134 1529 1191 1558 41,
1209 1528 1259 1558 30.

157 1559 263 1599 Euripi
282 1560 458 1591 Chalcidici
472 1561 652 1600 descriptio,
671 1562 724 1597 28,
744 1563 772 1591 6.
800 1562 907 1600 Euripi
924 1562 1054 1599 fretum,
1072 1572 1124 1600 31,
1143 1572 1194 1593 22.

157 1602 264 1642 Euripi
281 1604 444 1634 castellum
463 1612 627 1643 oppugnat
640 1605 835 1641 Antiochus,
850 1614 902 1644 35,
920 1614 971 1645 51.

155 1646 290 1685 Euripus
306 1648 345 1676 ad
361 1647 599 1685 Cafl‘andream,
615 1657 670 1687 44,
694 1657 741 1678 11.

154 1688 347 1726 Euromum,
365 1700 417 1729 33,
436 1701 486 1729 30.
511 1700 583 1730 quae
599 1698 629 1720 et
648 1690 892 1721 Euromensium
909 1691 996 1729 urbs,
1015 1701 1067 1730 32,
1086 1701 1137 1730 33.
1160 1702 1273 1722 eorum
1290 1702 1349 1733 op-

197 1733 269 1771 pida
285 1741 446 1772 occupant
462 1734 679 1774 Mylassenses,
695 1742 751 1774 45,
767 1743 817 1774 25.

153 1774 290 1814 Europa,
312 1786 364 1813 27,
382 1786 432 1816 29.

153 1818 300 1855 Eurotas,
319 1822 436 1855 amnis,
455 1829 506 1859 34,
526 1820 577 1850 28.
603 1829 655 1859 35,
673 1830 724 1861 29.

153 1861 268 1897 Eurus,
286 1869 411 1898 ventus,
430 1870 482 1901 25,
501 1872 552 1899 27.

153 1905 322 1944 Euryalus,
341 1906 485 1935 tumulus
502 1905 674 1945 Syracusis,
695 1914 747 1946 25,
766 1916 820 1946 25.

155 1947 325 1988 Eurydica,
344 1956 444 1978 mater
460 1948 581 1984 Gentii,
599 1948 780 1988 lllyriorum
795 1949 886 1987 regis,
902 1959 957 1987 44,
977 1958 1029 1987 30.

154 1991 366 2030 Eurylochus,
386 1993 532 2031 princeps
557 1992 762 2030 Magnetum,
781 1992 918 2031 profugit
934 1993 966 2021 in
983 1992 1153 2030 AEtoliam,
1173 2001 1226 2032 35,
1246 2003 1296 2032 31.
1314 2000 1345 2023 et

199 2043 249 2072 32.
275 2043 451 2070 remeatur,
470 2045 519 2083 34
547 2035 600 2064 sibi
619 2036 783 2065 consciscit
800 2044 950 2071 moriem,
970 2036 1022 2073 36,
1039 2045 1091 2074 33.

155 2077 371 2117 Eurymedon,
389 2079 493 2107 amnis
511 2079 541 2108 in
559 2078 760 2119 Pamphylia,
778 2088 830 2117 33,
847 2088 900 2118 41.
925 2087 978 2117 37,
996 2088 1048 2116 23.

154 2120 356 2159 Eurymenae,
372 2122 542 2169 oppidum,
561 2131 610 2161 39,
630 2129 680 2160 25.

153 2163 365 2202 Euthymidas
391 2165 550 2203 princeps,
574 2164 728 2194 Chalcide
750 2163 870 2203 pulsus,
888 2164 999 2194 frustra
1023 2172 1124 2195 tentat
1150 2166 1285 2203 patriam
1309 2167 1343 2197 in

198 2207 579 2244 1101811111ε1111Ἐ1010111111
598 2208 746 2246 redigere,
766 2216 816 2247 35,
836 2215 886 2245 37.
904 2216 933 2237 et
952 2210 1003 2246 38.

154 2249 299 2279 Examen
317 2259 415 2288 apum
440 2251 473 2280 in
497 2251 618 2288 arbore,
635 2251 781 2291 praetorio
797 2251 1002 2288 imminente,
1019 2250 1170 2282 considet.
1186 2251 1253 2284 vid.
1269 2253 1343 2284 Pro-

193 2293 327 2330 digium.

154 2335 322 2365 Execratio
338 2335 584 2368 Atheniensium
600 2338 632 2368 in
650 2337 848 2377 Philippum,
865 2347 918 2376 31,
929 2345 984 2376 44.
