1572 2616
194 143 273 198 136

186 235 246 265 vit.
306 233 414 265 Florus
448 233 505 265 lib.
535 235 578 264 iii.

188 286 260 317 cap.
285 278 315 308 8.
361 278 510 317 Epitoma
533 277 579 307 lx.

190 321 304 351 Strabo
314 320 368 351 lib.
382 322 449 350 xiii.
464 321 581 351 Censor

188 373 268 394 curn
293 364 335 394 Q.
352 364 497 401 Servilio,
521 374 580 393 an-

190 417 233 437 no
265 409 339 446 633.
383 407 494 437 Cicero
522 407 577 437 lib.

189 451 229 480 de
253 450 385 484 Finibus
402 460 431 480 v.
455 458 485 480 et
509 451 578 490 post

190 494 328 524 reditum
345 493 385 523 ad
404 493 554 524 Quirites.

191 579 234 610 0.
250 578 464 609 CAECILIUS
484 578 525 608 Q.
546 579 579 608 F.

193 633 223 658 Q.
243 632 275 652 N-
306 631 493 652 METELLUS
520 632 581 651 m:-

193 675 265 696 Pos.
311 665 428 695 Consul
446 675 524 695 cum
541 665 580 694 Τ.

191 709 301 744 Didio,
315 718 402 738 anno
417 709 490 748 ⁶55·-
508 708 581 738 Cas-

189 751 340 782 fiodorus.
362 751 467 781 Julius
484 752 581 781 Obse-

190 804 302 834 quens.
339 794 426 824 Huic
443 795 581 834 populus

191 838 287 868 Rom.
315 839 390 876 quia
417 837 501 867 male
528 838 582 866 ad-

191 882 295 911 versus
331 881 479 910 Cimbros
515 890 582 910 rem

191 924 289 963 geffit,
303 925 474 963 imperium
493 923 582 952 abro-

190 967 289 1006 gavit,
305 975 341 997 ut
365 966 470 997 scribit
489 967 584 996 Asco-

193 1011 267 1041 nius
293 1011 324 1039 in
343 1011 582 1040 Cornelianam.

367 1101 453 1129 »ds-x

194 1139 235 1170 Θ.
259 1139 389 1169 CAECl-
436 1138 475 1168 Θ.
501 1138 586 1168 CAE-

193 1191 274 1212 mus
302 1191 389 1218 9.r.
436 1190 583 1211 cimus

196 1236 226 1261 Q.
257 1235 290 1255 N.
323 1234 390 1254 >»1122-
437 1234 467 1258 Q.
499 1233 525 1253 r.
556 1234 585 1259 Q.

195 1278 215 1298 τ
232 1278 248 1297 ε
265 1278 282 1297 L
300 1278 317 1297 L
338 1277 356 1297 u
373 1276 389 1298 s
439 1276 471 1296 N.
520 1276 538 1296 c
553 1276 587 1296 ε-

197 1321 217 1341 N
238 1321 253 1340 ε
274 1321 289 1341 ι’
308 1320 327 1341 0
349 1321 376 1340 s,
438 1319 455 1339 L
476 1319 492 1338 r„
512 1319 542 1338 n.

194 1354 361 1385 Tribunus
436 1353 564 1390 premor,

194 1398 308 1437 plebis,
435 1405 522 1425 anno

193 1450 282 1471 anno
314 1440 389 1479 691.
437 1440 511 1479 695.
535 1439 590 1468 Ci-

195 1485 386 1514 Ciceronem
436 1491 508 1511 cero
532 1490 589 1521 pro

195 1526 363 1558 consulem
435 1525 535 1555 Sulla.

196 1569 355 1600 concione
436 1567 557 1598 Consul

197 1612 372 1652 prohibuit.
438 1620 515 1640 cum
534 1610 568 1639 L.

200 1656 296 1695 Epist.
337 1654 393 1683 lib.
440 1653 583 1689 Afranio,

198 1709 231 1728 v.
262 1699 392 1733 Praetor,
438 1705 526 1726 anno

200 1750 286 1771 anno
320 1741 395 1778 693.
441 1737 595 1777 693.Cas-

201 1785 266 1815 Dio
316 1782 397 1812 libro
441 1782 594 1812 fiodorus.

203 1827 327 1857 xxxvii.
442 1825 554 1855 Cicero

204 1869 323 1901 Consul
444 1869 485 1898 ad
502 1867 585 1897 Atti—

206 1922 283 1943 cum
322 1911 356 1941 P.
446 1919 523 1941 cum
576 1910 595 1940 i.

207 1954 370 1989 Cornelio,
444 1954 509 1984 Dio
541 1951 598 1981 lib.

208 2007 296 2028 anno
327 1996 401 2036 696.
449 1996 572 2027 xxxvii.

208 2042 320 2072 cice10
348 2048 403 2078 pro

210 2086 318 2115 domo.
365 2081 403 2111 ln

209 2128 368 2159 Pisonem.

211 2169 331 2200 Plinius
348 2167 404 2196 lib.

208 2214 405 2249 vii.cap.12.

208 2256 273 2286 Dio
326 2252 408 2282 libro

209 2297 323 2329 xxxix.
341 2295 407 2325 Qui

211 2339 335 2372 tabulas
355 2347 408 2368 ca-

619 156 684 184 Ro
693 157 729 184 Μ
738 156 766 184 A
777 157 840 185 No
850 158 877 186 R
887 158 913 186 U
923 157 960 185 M

623 234 804 266 Coriolano.
948 236 1089 267 Velleius

623 277 791 308 Dalmatas
949 280 1005 310 lib.
1017 280 1049 310 ii.
1062 281 1125 311 Eu-

625 321 759 360 subegst,
951 325 1071 363 tropius

625 364 727 403 deque
782 365 819 394 iis
950 366 1005 397 lib.
1023 367 1064 397 iv.

623 408 803 446 triumpha-

624 451 679 479 vit.
711 450 819 489 Epito-

624 502 677 523 me
751 494 819 523 lxii.

624 536 799 575 Eutropius

625 578 681 608 lib.
733 581 775 609 iv.

623 622 673 652 De
702 632 821 652 manu-

624 665 685 694 biis
742 665 821 695 Dal-

625 708 752 738 maticis
777 718 821 738 ae-

626 751 698 781 dem
714 752 822 781 Casto-

627 796 665 824 ris
715 802 822 824 extru-

626 839 684 867 xit.
727 839 822 867 Asco-

627 882 699 910 nius
720 881 822 910 veiri-

628 933 669 953 na
686 925 717 954 ii.
732 925 751 943 ¹*

759 1027 778 1044 is
998 1026 1018 1045 ὓ

735 1058 817 1083 ν-Ᾰῆ
913 1058 915 1061 ’
950 1059 1036 1085 ν-Λσκ

631 1094 665 1124 L.
676 1094 761 1124 CAE-
809 1094 849 1124 Q.
875 1094 961 1124 CAE-
1043 1095 1091 1125 M.

632 1146 753 1167 cuius
807 1146 958 1167 cirrus
1007 1146 1135 1168 efflei-

633 1190 661 1210 L.
682 1189 710 1210 F.
728 1190 758 1215 Q.
807 1188 836 1208 L.
870 1190 898 1209 ε.
930 1190 958 1215 Q·
1007 1189 1087 1209 Lius
1104 1190 1134 1210 r..

634 1232 667 1251 N.
696 1232 758 1252 MD
810 1232 843 1251 N.
893 1232 960 1252 ME-
1008 1232 1133 1257 inosti.

632 1275 730 1295 'rx-:L-
809 1275 960 1302 Tenus,
1009 1274 1035 1294 M
1057 1276 1090 1295 E-

634 1318 651 1338 L
666 1317 684 1337 u
701 1318 728 1338 s.
809 1309 863 1347 qui
880 1309 963 1347 post·
1006 1317 1026 1338 τ
1040 1318 1057 1338 ε
1071 1318 1105 1338 L-

632 1352 762 1388 Praetor,
809 1360 847 1380 ea
876 1360 961 1380 cni:-
1007 1361 1025 1381 ι,
1043 1361 1060 1380 υ
1079 1362 1106 1381 s.

632 1404 719 1424 anno
810 1404 829 1424 τ
848 1404 856 1422 1
875 1404 894 1424 c
912 1403 930 1423 υ
946 1403 960 1423 s
1007 1394 1124 1424 Praetor

633 1438 710 1475 683.
724 1447 763 1466 ex
809 1436 950 1476 appella·
1007 1447 1093 1476 repe-

636 1487 751 1519 praetu·
809 1488 862 1509 tus
905 1480 960 1509 est.
1008 1481 1123 1510 tunda-

636 1533 669 1553 ra
685 1523 764 1553 Sici·
810 1522 931 1552 Consul
1008 1533 1093 1560 rum,

634 1565 711 1596 liam
810 1575 886 1595 cum
922 1565 962 1594 Q.
1008 1576 1094 1596 anno

637 1609 763 1648 provin·
813 1608 948 1637 Horten·
1009 1609 1083 1648 684.

637 1653 722 1681 ciam
814 1651 964 1686 so‚anno
1009 1651 1120 1681 Cicero

637 1694 760 1724 obtinu-
816 1694 889 1731 684.
1010 1695 1042 1724 in
1065 1694 1140 1723 Ver·

638 1738 674 1767 it.
718 1737 770 1766 Ci-
815 1736 931 1765 Caiilo-
1012 1746 1092 1773 rem,
1109 1744 1139 1766 et

639 1789 712 1809 cero
737 1781 768 1808 in
814 1779 921 1808 dorus,
1009 1779 1106 1809 Asco-

640 1823 716 1852 Ver-
816 1822 935 1851 Memi-
1012 1823 1097 1853 nius.

641 1875 720 1895 rem.
815 1866 864 1894 nit
916 1863 969 1893 Ci-

642 1906 760 1938 Consul
817 1916 888 1936 cero
934 1907 968 1936 in

643 1950 721 1981 desi-
819 1950 957 1979 Verrinis

643 2002 759 2033 gnatus
818 1992 952 2021 36ιίοηί-

641 2045 719 2066 cum
732 2036 774 2065 Θ.
819 2035 971 2065 bus.Cre-

643 2080 730 2109 Mar·
820 2086 887 2107 tam
924 2078 972 2106 in-

643 2122 705 2155 cio,
719 2131 776 2150 an·
821 2120 922 2149 sulam

643 2174 686 2194 no
700 2165 773 2204 685.
819 2163 954 2201 subegit,

644 2214 733 2236 ante·
819 2212 850 2235 et
918 2205 972 2234 tri-

643 2259 744 2288 quam
819 2248 959 2287 umpha-

645 2294 737 2322 iniret
819 2292 876 2320 vit.
901 2290 974 2331 Epi·

646 2344 731 2365 mor·
821 2341 911 2364 toma

1168 237 1299 267 tarchus
1354 237 1386 267 in

1169 279 1285 310 Mario.
1302 279 1386 310 Cen-

1167 323 1215 353 sor
1231 332 1308 353 cum
1325 322 1386 355 Cn.

1166 366 1327 401 Domitio,

1168 418 1254 438 anno
1309 410 1385 447 638.

1167 452 1223 482 Cic
1254 461 1310 490 pro
1328 452 1386 481 do-

1168 504 1234 525 mo.
1250 494 1294 524 Hi
1307 503 1386 524 cen-
1399 499 1405 503 ¹

1168 539 1249 568 sores
1282 546 1385 568 artem

1168 579 1337 610 ludicram¹

1167 633 1207 654 ex
1235 624 1312 654 urbe
1340 633 1387 654 re-

1168 673 1356 703 moverunt,

1168 717 1282 749 praeter
1304 709 1390 739 Lati-

1167 762 1251 783 num
1282 752 1388 782 tibici-

1167 804 1246 825 nem
1308 805 1388 826 curn

1168 844 1311 874 cantore,
1357 845 1390 868 et

1169 880 1288 910 ludum
1307 879 1389 910 talo—

1169 933 1255 958 rum,
1285 930 1320 953 ut
1344 918 1389 954 eff

1169 967 1255 1005 apud
1269 965 1388 996 Caffio-

1171 1010 1298 1039 dorum.

1174 1094 1215 1124 Q.
1257 1093 1390 1125 CAECI-

1173 1146 1254 1167 mus
1290 1146 1320 1166 L.
1359 1146 1388 1167 r.

1173 1189 1202 1209 1.-
1245 1189 1278 1209 N.
1321 1187 1389 1208 mr.-

1172 1230 1345 1252 τειιυε.

1174 1265 1236 1295 Qui
1281 1266 1389 1304 postea

1173 1317 1387 1338 NUMinicus

1172 1352 1215 1380 est
1250 1351 1392 1390 appella-

1172 1401 1234 1423 tus.
1267 1393 1388 1424 Consul

1173 1446 1251 1466 cum
1269 1437 1317 1467 M.
1330 1437 1389 1467 Ju-

1173 1480 1241 1516 nio,
1301 1488 1388 1509 anno

1173 1522 1247 1562 644.
1274 1521 1392 1552 Caffio-

1172 1565 1278 1595 dorus.
1338 1564 1391 1595 Ci-

1173 1616 1244 1637 cero
1261 1608 1293 1636 in
1309 1608 1387 1637 Bru-

1174 1657 1223 1680 to:
1246 1659 1302 1689 pro
1313 1650 1390 1680 Cor-

1173 1692 1271 1728 nelio,
1293 1699 1323 1722 et
1348 1693 1391 1722 ibi

1174 1736 1345 1765 Asconius.

1174 1778 1380 1808 Provinciam

1174 1820 1368 1851 Numidiam

1176 1864 1314 1899 sortitus,
1333 1865 1392 1894 du-

1174 1907 1256 1936 obus
1271 1905 1391 1945 proeliis

1175 1950 1369 1987 Jugurtham

1176 1992 1267 2021 fudit.
1303 1991 1396 2022 Tha-

1176 2033 1243 2063 lam
1287 2035 1379 2074 oppi-

1176 2077 1257 2106 dum
1293 2078 1390 2116 cepit,

1175 2119 1394 2150 etuniversam

1177 2161 1372 2192 Numidiam

1178 2205 1397 2235 vastavit.Ro-

1180 2256 1271 2277 mam
1297 2257 1399 2277 rever·

1179 2290 1230 2320 sus
1257 2299 1297 2320 ex
1326 2290 1397 2320 Nu-

1181 2332 1282 2363 midia
1340 2333 1394 2363 tri—
