1572 2616
105 258 181 292 etp.
225 259 258 290 3.
318 247 437 279 Censor

109 303 189 324 cum
201 294 242 324 A.
256 292 434 329 Postumio,

109 334 437 411 immisti&

109 422 193 453 libro
230 423 264 454 ii.
301 431 371 462 cap.
406 430 437 452 2.

109 464 252 496 Velleius
275 465 356 496 libro
375 464 439 505 pri-

112 518 183 541 mo.
271 550 286 581 Ι

114 594 152 625 C.
179 592 365 624 FULVIUS
396 592 439 624 Q.

116 647 145 669 r.
168 646 200 672 ρ.
218 646 253 667 N.
271 644 441 668 maccus·

113 679 235 711 Consul
283 689 361 710 cum
407 680 441 709 Ρ.

114 721 280 759 Cornelio,
355 731 443 753 anno

115 768 192 804 619.
230 765 442 797 Caffiodorus.

114 808 245 842 Bellum
269 808 378 839 servile
409 809 444 839 in

115 851 227 883 Sicilia
270 851 370 891 geffit,
406 857 445 882 ut

114 896 163 927 «ἢ
174 895 209 928 in
221 895 373 936 Epitoma
387 893 445 926 lvi.

359 1497 499 1570 ἡ.
516 1537 702 1571 FULVIUS
726 1537 775 1569 M.
792 1538 826 1569 F.
844 1537 892 1568 M.
910 1537 953 1569 N.
970 1536 1173 1572 FLACCUS.
1217 1539 1244 1571 A
1270 1551 1324 1581 pa-

128 1540 179 1573 Μ.
203 1538 388 1570 FULVIUS

459 167 693 204 PLEfflEIAE
728 162 949 196 GENTES,

650 253 743 285 gures
757 241 844 273 bello
861 242 979 272 domu-

651 289 688 318 it.
744 286 895 326 Epitome
931 284 978 317 lx.

650 331 702 364 De
739 329 908 369 Liguribus
946 333 979 358 et

651 373 839 404 Voconticis
866 372 980 402 trium·
996 383 998 385 >

653 417 778 457 phavit.
787 415 980 446 Plutarchus

654 461 688 491 in
708 459 873 490 Gracchis.
906 457 982 489 Vel-

653 503 735 535 leius
750 503 807 534 lib.
824 503 854 532 ii.
879 501 983 531 Hunc

655 547 694 578 C.
708 546 874 577 Gracchus
886 545 917 574 in
929 545 984 576 Ti.

656 591 758 621 fratris
780 589 892 619 locum
911 588 985 618 Tri-

657 634 825 665 umvirum
902 632 986 671 agris

657 676 771 707 dandis
789 674 986 711 nominavit,

657 727 690 751 et
719 719 842 749 socium
873 724 986 757 poten·-

659 763 714 794 tiae
728 761 902 801 assumpsit.
935 761 988 791 Ab

658 805 795 846 Opimio
805 813 871 835 cos.
882 813 989 843 quum

659 849 864 881 Aventinum
892 857 989 877 mon-

660 899 730 923 tem
759 898 901 922 armatus
933 900 990 921 oc-

661 935 816 975 cupiisset,
839 934 992 965 interem-

663 985 739 1019 ptus
763 978 819 1014 est,
844 976 914 1016 ejus
934 977 994 1007 do-

662 1031 738 1053 mus
749 1020 857 1051 eversa
866 1025 897 1054 et
910 1021 993 1060 pub-

663 1063 772 1095 licata.
847 1063 994 1102 Epitom.

663 1107 726 1138 lxi.
744 1106 914 1146 Appianus
930 1108 995 1145 pri.

664 1160 732 1181 mo.
750 1149 941 1181 Plutarchus
958 1150 991 1180 in

665 1193 834 1225 Gracchis.
850 1192 993 1223 Velleius

665 1237 723 1268 lib.
734 1237 767 1267 ii.
782 1235 993 1270 Valeriuslib,

666 1280 710 1310 vi.
727 1288 799 1318 cap.
815 1288 844 1318 3.
882 1278 995 1310 Cicero

666 1322 799 1353 Catilin.
829 1321 934 1362 prima
963 1328 995 1353 et

668 1371 795 1406 quarta,
811 1371 843 1396 et
865 1374 922 1406 pro
938 1365 997 1396 do-

668 1418 739 1441 mo.

1219 151 1296 196 181
1307 175 1313 198 ·.

132 1594 173 1615 M.
205 1592 234 1614 Ρ.
272 1593 312 1613 Μ.
353 1593 387 1614 N.
455 1590 502 1614 tre
528 1583 568 1614 ad
593 1581 765 1622 Opimium
788 1591 854 1612 cos.
879 1581 1001 1621 legatus
1022 1581 1062 1612 de
1084 1583 1325 1617 conditionibus

131 1635 300 1658 maccus.
314 1626 390 1657 Una
455 1625 579 1662 missus,
597 1627 629 1656 in
646 1634 769 1656 earcere
785 1631 918 1655 necatus
934 1625 989 1656 cst,
1022 1625 1134 1656 Cicero
1157 1627 1323 1661 Catilinas.

127 1677 207 1700 cum
238 1675 324 1708 patre
355 1670 389 1700 in
456 1670 499 1701 iv.
524 1669 722 1700 Plutarchus.
746 1669 924 1708 Appianus.
950 1667 1089 1699 Velleius
1107 1669 1162 1700 lib.
1180 1671 1212 1701 ii,
1231 1671 1325 1709 juve·

131 1712 294 1743 Aventino
342 1712 390 1741 di·
458 1722 535 1743 nem
551 1712 652 1752 specie
667 1711 837 1742 excellenti
853 1711 941 1742 fuiss'e
956 1712 1063 1749 tradit,
1081 1714 1223 1744 necdum
1246 1717 1327 1745 duo..

132 1755 259 1802 micans
307 1754 392 1784 ceci·
457 1755 689 1795 devigefimum
704 1764 830 1785 annum
845 1755 1020 1794 egressum:
1047 1755 1156 1787 Cicero
1179 1757 1329 1797 impube-

129 1798 187 1845 (με.
202 1797 391 1846 Plutarchus
458 1807 526 1829 rem
542 1797 693 1837 appellat.
722 1797 835 1827 Mortis
850 1807 979 1838 quoque
993 1807 1093 1837 genus
1109 1799 1194 1830 aliud
1211 1802 1328 1841 profert

136 1850 170 1872 in
180 1840 348 1873 Gracchis.
459 1840 656 1877 PaterculuS,
682 1840 768 1879 quod
794 1840 939 1872 Valerius
963 1850 1034 1882 cap.
1056 1851 1104 1875 12.
1135 1842 1206 1874 libri
1233 1847 1326 1884 noni,

461 1883 510 1916 M.
530 1883 694 1915 Herennio
710 1883 830 1915 tribuit.

184 2387 270 2421 Vox,⁴
282 2358 326 2424 V.
