1572 2616
196 149 276 192 108
537 163 703 193 mom<
738 163 793 193 IN
828 164 874 193 T.
900 164 1038 195 LIV11

194 241 344 315 Her6culis
361 242 496 274 mortale
515 253 629 284 corpus
651 251 831 275 crematum
847 244 881 276 in
898 245 981 283 loco,
999 255 1096 286 quern
1122 246 1235 288 Pyram
1253 252 1383 284 vocant,

239 295 254 323 3
283 308 290 321 ‚
307 295 357 324 30.

193 327 327 359 Herculi
347 329 431 360 sacra
447 339 464 360 a
477 329 619 360 Romulo
636 331 696 361 ritu
714 331 827 362 Graeco
843 331 938 368 fiunt,
962 342 989 369 1,
1007 339 1037 369 7.

191 387 236 394 —-
251 372 394 403 Gadibus
411 381 484 403 vota
499 374 632 404 exsolvit
647 375 801 410 Annibal,
820 385 873 412 21,
893 385 942 405 21.

191 416 441 446 —sacrificiurn
465 418 540 447 facit
567 418 599 448 in
621 426 732 448 monte
755 419 840 448 OEtae
865 417 922 449 Μ’.
940 417 1063 449 Acilius
1089 417 1233 456 Glabrio,
1257 417 1382 455 consul,

189 499 194 502 ⁴
237 460 290 497 36,
311 469 361 497 30·

190 500 346 542 Hercynii
365 502 471 539 saltus,
491 511 520 542 5,
541 512 591 541 34.

190 543 367 584 Hercynna
382 547 462 582 Dea,
479 554 533 586 45,
553 554 604 583 27.

190 586 373 622 Herdonea,
391 589 477 625 urbs,
498 599 549 629 25,
568 599 619 619 21.
645 596 697 625 27,
717 599 745 620 1.
769 589 809 619 ab
833 589 994 620 Annibale
1017 589 1151 627 deletur,
1174 595 1205 620 et
1229 589 1382 630 oppidani

234 632 368 669 migrare
381 632 545 669 jubentur,
562 632 632 661 ibid.
650 632 715 662 vid.
733 634 904 663 Ardoneae.

190 673 251 713 Ap.
270 674 451 704 Herdonius
469 675 606 705 Sabinus
628 684 705 705 cum
728 676 890 706 exsulibus
906 684 936 706 et
953 677 1044 706 servis
1060 675 1256 715 Capitolium
1280 682 1311 705 et
1333 685 1382 705 ar-

233 726 305 747 cem
322 725 472 757 occupat,
493 728 522 756 3,
544 726 593 758 15.
618 719 816 756 interficitur,
835 721 883 750 18.

186 758 289 790 Turn.
318 760 499 791 Herdonius
528 762 560 790 in
583 762 799 801 Tarquinium
824 763 997 799 invehitur,
1019 772 1046 799 1,
1073 769 1124 802 5ο.
1148 761 1339 802 opprimitur
1364 770 1382 791 a

232 803 421 843 Tarquinio,
441 814 492 843 51.

188 844 373 877 Herennius
390 847 496 877 Bassus
520 847 559 876 ab
585 846 747 876 Hannone
771 856 811 877 ex
840 847 925 878 Nola
948 848 987 877 ad
1012 847 1213 886 colloquium
1236 853 1381 884 vocatur,

234 899 287 928 23,
301 899 354 929 43.
381 890 534 920 Hannoni
553 890 729 928 respondet,
747 901 799 929 44.

193 930 378 963 Herennius
394 933 565 969 Cerrinius,
582 934 717 962 Bacchis
735 934 876 963 initiatus
892 943 909 963 a
926 940 1040 970 matre,
1059 942 1111 970 39,
1132 942 1181 971 13.

186 974 371 1006 Herennius
393 977 537 1013 Pontius,
555 977 751 1015 imperatoris
768 977 964 1006 Samnitium
988 984 1088 1015 pater,
1113 977 1159 1005 vir
1182 975 1380 1015 prudentiffi-

231 1028 319 1055 mus,
335 1030 366 1059 9,
388 1029 414 1050 1.
438 1019 505 1057 ejus
521 1019 674 1049 discordia
696 1019 839 1059 responsa
862 1020 901 1049 de
925 1019 1117 1049 exercitibus
1142 1019 1378 1055 Romanorum,

230 1062 270 1091 ad
287 1062 448 1092 Caudium
464 1062 607 1099 inclusis,
624 1072 652 1101 3.

190 1103 226 1134 C.
245 1105 440 1142 Herennius,
458 1106 605 1135 triumvir
618 1106 754 1136 coloniae
770 1105 978 1141 deducendae,
997 1114 1050 1142 21,
1068 1112 1119 1144 25.

186 1146 305 1178 Herius
321 1149 460 1185 Asinius,
478 1149 560 1187 Epit.
580 1156 630 1186 73.

186 1189 304 1221 Herios
320 1191 438 1221 Pettius
451 1192 490 1220 ab
505 1191 668 1221 Hannone
684 1201 722 1221 ex
736 1191 820 1221 Nola
833 1191 871 1220 ad
885 1190 1085 1230 colloquium
1098 1196 1241 1228 vocatur,
1259 1199 1311 1229 23,
1324 1199 1377 1229 43.

185 1232 391 1270 Hermaeum,
411 1242 462 1274 35,
483 1242 533 1274 50.

187 1275 420 1313 Hermandica,
437 1278 523 1313 urbs,
540 1277 579 1306 ab
596 1276 756 1306 Annibale
770 1276 801 1306 vi
818 1283 922 1316 capta,
938 1286 990 1313 21,
1009 1281 1039 1316 5.

188 1319 246 1349 Lar
265 1320 464 1355 Herminius,
482 1320 605 1355 consul,
620 1329 654 1358 ⁷3,
674 1321 724 1359 65.

185 1362 226 1392 T.
244 1363 444 1400 Herminius,
460 1373 573 1402 genere
588 1363 739 1402 fafitisque
766 1362 882 1399 clarus,
900 1371 978 1392 cum
1000 1361 1134 1392 Horatio
1151 1361 1273 1392 Coclite
1295 1370 1377 1400 pon-

230 1412 297 1436 tem
322 1407 490 1436 sublicium
514 1416 685 1446 parumper
699 1405 852 1442 defendit,
870 1416 902 1443 2,
923 1415 971 1436 ro.
995 1406 1118 1435 strenue
1134 1405 1263 1441 adjuvat
1278 1404 1376 1434 vic'to-

217 1446 311 1479 'riam
329 1450 466 1480 consulis
482 1450 519 1479 de
537 1450 687 1487 Etruscis,
708 1459 757 1480 11.
781 1449 938 1479 occiditur
961 1449 993 1478 in
1015 1458 1123 1488 pugna
1149 1448 1188 1477 ad
1213 1447 1375 1486 Regillum

229 1492 352 1529 lacum,
373 1503 423 1522 20.

185 1534 416 1565 Hermionicus
432 1545 515 1574 ager,
535 1545 588 1573 31,
604 1545 657 1575 44.

185 1577 316 1608 Hernici
343 1587 455 1618 parant
472 1579 607 1614 bellum,
627 1589 658 1615 2,
678 1588 728 1609 22.
753 1576 879 1613 deviem,
895 1586 951 1616 40.
974 1586 1050 1606 curn
1075 1577 1111 1605 iis
1135 1575 1233 1605 mum
1257 1576 1372 1612 foedus,

226 1631 280 1660 4¹·
305 1622 341 1650 iis
366 1622 429 1660 agri
455 1622 526 1650 duae
550 1628 651 1660 partes
674 1621 823 1656 ademtae,
841 1619 911 1649 ibid.
935 1629 1045 1649 eorum
1063 1628 1152 1657 agros
1175 1619 1373 1657 depopulan-

227 1671 278 1693 tur
294 1664 392 1702 AEqui
409 1671 439 1693 et
456 1664 572 1699 Volsci,
589 1674 620 1702 3,
638 1664 668 1693 6.
694 1663 842 1693 Hernicis
856 1663 952 1692 tristia
967 1662 1109 1701 responsa
1125 1671 1142 1691 a
1159 1661 1268 1691 senatu
1285 1661 1372 1698 data,

226 1706 298 1737 ibid.
321 1707 476 1736 deficiunt
499 1716 516 1736 a
542 1707 706 1740 Romanis,
725 1708 756 1745 6,
777 1717 805 1736 2.
824 1714 853 1742 7.
878 1712 905 1734 et
928 1707 958 1736 8.
976 1712 1002 1734 et
1016 1705 1102 1746 seqq.
1127 1705 1164 1734 iis
1184 1704 1306 1733 bellum
1325 1705 1372 1734 in-

223 1750 329 1779 ferunt
344 1750 496 1785 Romani,
517 1758 547 1787 7,
564 1751 592 1779 6.
617 1750 746 1779 caedunt
762 1749 939 1784 Romanos,
955 1747 1025 1778 ibid.
1051 1749 1163 1786 ingens
1183 1757 1291 1776 eorum
1317 1757 1374 1777 ex-

226 1794 354 1829 ercitus,
375 1802 402 1830 7.
420 1794 583 1831 fugantur,
602 1794 632 1822 8.
649 1793 720 1822 vieti
739 1803 757 1821 a
773 1792 808 1822 C.
825 1791 948 1822 Plautio
962 1791 1091 1820 consule
1108 1790 1302 1829 subaffique,
1322 1798 1371 1830 15.

225 1836 381 1866 Romanis
403 1836 525 1866 bellurn
548 1837 710 1873 indicunt,
736 1847 767 1877 9,
791 1844 844 1874 42.
868 1835 942 1864 vieti
969 1834 997 1864 se
1020 1835 1154 1871 dedunt,
1170 1843 1222 1872 43.
1247 1834 1284 1863 iis
1308 1833 1371 1863 suae

226 1879 310 1917 leges
326 1879 466 1915 redditae,
484 1879 552 1908 ibid.

168 1922 376 1962 χΗεῐοόίως,
394 1922 542 1961 princeps
556 1921 791 1957 Thessalorum,
810 1920 997 1950 interficitur
1012 1930 1030 1950 a
1046 1919 1206 1959 Philippo,
1223 1928 1278 1958 40,
1293 1928 1325 1958 4.

186 1964 367 1995 Herodorus
384 1964 514 1999 Cianus,
533 1971 699 2000 mercator,
716 1971 840 2003 35537.

183 2008 378 2043 Herodorus,
396 2008 542 2047 princeps
559 2009 740 2036 amicorum
758 2006 925 2044 Demetrii,
944 2005 1113 2044 conjicitur
1130 2005 1162 2033 in
1179 2004 1370 2042 custodiam,

226 2062 280 2090 40,
300 2060 351 2089 23.
374 2052 507 2080 moritur
523 2052 554 2079 in
573 2051 752 2086 tormentis,
769 2049 841 2080 ibid.

184 2094 330 2130 Hersilia,
347 2103 425 2124 uxor
440 2093 584 2129 Romuli,
608 2103 632 2126 i,
655 2102 701 2122 tr.

181 2136 400 2174 Hetriculurn,
419 2137 613 2166 Bruttiorum
637 2135 806 2175 oppidum,
829 2144 847 2164 a
866 2133 972 2164 Poenis
995 2131 1102 2162 deficit
1125 2131 1165 2161 ad
1191 2131 1369 2171 Romanos,

227 2189 278 2218 30,
299 2190 347 2218 ¹9·
963 2192 969 2194 -

182 2223 340 2257 Hetrusci,
357 2222 422 2251 vid.
441 2221 574 2251 Etrusci.

182 2265 373 2303 Hexapylon
391 2264 563 2304 Syracusis,
581 2273 634 2302 24,
653 2272 702 2293 21.
718 2262 783 2292 vid.
801 2268 828 2291 er
845 2271 897 2300 32,
916 2271 967 2300 39.

182 2308 315 2338 Hexeris
332 2308 432 2342 navis,
450 2318 502 2347 29,
521 2319 550 2347 9.
576 2315 628 2345 37,
648 2316 698 2345 23.

180 2350 330 2386 Hiarbas,
346 2350 427 2388 Epit.
446 2353 496 2389 539.

180 2393 412 2432 Hibernacula,
429 2402 475 2425 res
499 2402 582 2424 nova
604 2391 699 2425 militi
722 2391 884 2430 Romano,
902 2390 941 2422 ad
957 2390 1052 2422 Veios
1073 2390 1224 2422 aedificari
1247 2396 1366 2431 coepta,
