1572 2616
193 159 283 204 180
547 169 712 201 1NDEx
748 173 803 201 IN
837 171 1038 202 T.1.1vn

194 251 355 283 Perrhaebi
372 253 627 292 pronunciantur
638 252 743 289 liberi,
761 262 815 292 33,
831 262 883 292 32.
899 259 931 283 et
948 262 999 293 34.
1015 252 1083 284 vid.
1099 257 1127 282 et
1141 261 1196 292 42,
1214 259 1268 293 53.

194 295 437 326 Perrhaeborum
453 296 589 335 querelae
605 296 643 325 de
659 295 820 335 Philippo,
839 306 892 337 39,
907 306 958 336 34.

195 338 308 377 Persae,
323 350 356 379 9,
375 339 423 369 18.
439 346 469 369 et
485 349 533 378 19.
556 339 595 369 ab
609 339 862 370 Lacedaemoniis
878 349 999 378 aquam
1014 344 1045 369 et
1058 345 1174 369 terram
1189 340 1318 379 petiere,
1333 346 1389 379 35,

244 392 256 412 1
263 389 294 454 Ξ
317 383 579 413 Lacedaemonios
603 392 622 412 a
645 390 733 422 tergo
755 384 994 413 circumvenere
1018 383 1052 412 in
1075 382 1316 423 Thermopylis,
1335 383 1391 421 36,

242 434 255 455 1
287 447 293 455 .

197 468 325 506 Perse'is,
348 468 422 498 urbs
449 468 483 497 in
507 468 682 508 Deuriopo,
707 468 740 498 in
762 469 921 499 honorem
948 468 1060 505 Persei,
1086 467 1223 508 Philippi
1250 467 1322 505 filii,
1347 467 1390 497 fic

240 511 336 548 dieta,
356 521 409 551 39,
428 520 480 551 54.
1402 516 1407 521 Χ

195 554 334 590 Perseus,
350 554 476 584 relietus
501 564 519 584 a
543 554 692 594 Philippo
717 563 794 586 cum
818 561 956 594 quatuor
971 554 1118 585 millibus
1135 559 1333 584 armatorum
1349 553 1390 584 ad

240 598 347 628 fauces
362 596 543 635 Theffaliae,
560 600 612 634 26,
630 607 683 638 25.

194 640 333 677 Perseus,
351 641 488 679 Philippi
512 642 592 679 regis
615 640 836 671 Macedonum
862 640 958 677 filius,
974 640 1150 670 admodum
1176 648 1265 678 puer,
1288 638 1391 668 mitti·

238 690 290 714 tur
304 684 344 713 ad
361 683 547 713 obsidendas
564 684 733 723 angustias,
751 693 823 722 quae
841 685 879 714 ad
894 683 1100 722 Pelagoniam
1119 683 1203 718 sunt,
1223 691 1275 720 31,
1293 683 1346 713 28.

281 733 447 766 oppugnat
462 727 711 766 AmphilochOS,
730 728 782 765 38,
803 735 831 766 5.
857 727 936 756 redit
952 726 984 755 in
1002 725 1239 758 Macedoniam,
1259 732 1286 761 7.

279 769 355 799 belli
372 779 448 799 cum
468 770 572 799 Perseo
594 771 746 799 inchoata
766 770 857 799 initia
872 780 890 799 a
905 769 1053 808 Philippo
1069 769 1153 806 sunt,
1169 777 1221 808 39,
1240 777 1291 805 23.
1314 767 1388 798 Per-

239 812 279 842 sei
295 821 372 842 cum
388 813 553 842 Demetrio
570 814 781 852 comparatio,
801 820 850 852 53.
877 813 957 842 inter
972 821 1025 842 eos
1041 811 1217 848 discordiae,
1235 811 1307 840 ibid.

282 865 376 895 prava
392 855 461 893 ejus
483 856 516 885 in
541 856 746 886 Demetrium
772 855 914 890 consilia,
931 865 987 894 40,
1007 862 1035 894 5.
1063 854 1186 884 ludicro
1209 854 1387 883 certamine

234 899 375 928 vincitur
398 908 417 928 a
439 899 617 936 Demetrio,
637 900 666 928 6.
690 897 816 928 Perseus
841 899 968 928 accusat
993 898 1198 927 Demetrium
1222 897 1307 936 apud
1333 906 1389 936 pa-

236 948 331 977 trem,
346 943 376 972 8.
395 951 425 979 9.
441 948 470 970 et
489 951 540 980 23.
556 952 606 981 24.
631 942 698 979 ejus
712 942 744 970 in
760 942 964 971 Demetrium
981 940 1100 970 infidiae
1116 940 1318 978 deteguntur,
1334 947 1388 979 55.

235 994 372 1023 regnum
394 985 507 1014 scelere
530 991 659 1023 partum
682 984 815 1018 invadit,
834 985 883 1023 56.
909 985 1111 1023 Antigonum
1130 990 1219 1012 curat
1236 982 1387 1012 interfici-

237 1028 372 1064 endum,
389 1029 441 1067 58.
464 1027 584 1067 legatos
601 1027 742 1057 Romam
760 1028 871 1063 mittit,
889 1033 1011 1066 petens,
1027 1033 1064 1055 ut
1080 1036 1133 1055 rex
1150 1026 1189 1054 ab
1206 1025 1314 1054 senatu
1331 1035 1388 1064 ap-

236 1070 417 1110 pellaretur,
436 1070 508 1101 ibid.
525 1077 552 1099 et
567 1080 622 1110 41,
642 1081 671 1102 2.
697 1070 789 1100 initio
806 1070 892 1109 regni
918 1070 1028 1099 multis
1053 1069 1201 1098 laudibus
1217 1077 1386 1098 commen-

236 1114 341 1149 datus,
357 1113 428 1142 ibid.

280 1156 392 1186 miscet
408 1156 489 1186 inter
503 1155 670 1186 Dardanos
686 1161 715 1184 et
733 1155 895 1184 Bastarnas
911 1154 1099 1190 certamina,
1115 1163 1152 1193 41
1163 1176 1171 1189 ‚
1190 1163 1240 1191 23.
1263 1152 1385 1192 legatos

237 1200 336 1229 mittit
354 1199 594 1238 Carthaginem,
613 1206 663 1234 27.
686 1197 857 1236 Dolopum
880 1203 980 1227 totam
1007 1203 1135 1235 gentem
1153 1196 1208 1226 sub
1228 1195 1280 1233 jus
1300 1196 1387 1233 judi-

236 1243 390 1281 ciumque
414 1242 507 1271 suum
534 1241 630 1280 cogit,
647 1240 720 1269 ibid.
743 1240 809 1270 adit
831 1241 1000 1270 oraculum
1016 1239 1228 1279 Delphicum,
1247 1238 1318 1268 ibid.
1342 1239 1386 1268 A·

235 1287 342 1315 chaeos
360 1285 503 1314 maxime
521 1284 575 1313 fibi
591 1283 794 1313 reconciliare
810 1283 925 1320 stu'det,
944 1285 995 1314 28.

279 1327 429 1358 conciliat
445 1327 500 1357 fibi
519 1327 646 1357 animos
663 1326 864 1362 Graecorum,
883 1336 938 1366 42,
959 1334 987 1365 5.
1011 1325 1078 1363 ejus
1102 1324 1232 1360 saevitia,
1249 1323 1321 1353 ibid.
1345 1324 1384 1353 ad

234 1379 311 1401 eum
327 1371 421 1410 legati
444 1371 617 1400 mittuntur
638 1369 755 1405 Roma,
774 1370 803 1400 6.
828 1369 990 1399 Eumenes
1014 1378 1089 1397 eum
1116 1366 1293 1406 1'uspe6tum
1309 1367 1386 1396 facit

233 1414 403 1451 Romanis,
425 1423 473 1444 11.
490 1420 520 1443 et
539 1423 588 1443 12.
612 1420 643 1442 et
658 1411 782 1442 bellum
806 1412 953 1442 adversus
968 1421 1043 1441 eum
1061 1411 1180 1445 suadet,
1202 1419 1249 1448 13.
1273 1409 1385 1448 legatis

231 1457 301 1494 ejus
323 1457 415 1486 datur
437 1457 577 1494 senatus,
594 1465 643 1494 14.
669 1456 709 1485 ad
727 1455 880 1485 Eumenis
904 1455 1027 1485 caedem
1048 1453 1213 1483 sceleratos
1229 1452 1383 1492 quosdam

233 1500 395 1536 subornat,
416 1507 463 1539 15.
488 1509 543 1538 per
566 1498 720 1528 veneficia
742 1497 865 1537 grassari
892 1503 1028 1527 conatur
1044 1498 1075 1526 in
1091 1496 1270 1531 Romanos,
1292 1503 1342 1532 17.
1364 1505 1383 1525 a

232 1542 515 1580 senatujudicatur
528 1542 638 1577 hostis,
652 1542 701 1570 18.
717 1540 837 1580 legatps
851 1540 991 1570 Romam
1006 1540 1117 1575 mittit,
1133 1539 1182 1576 36.
1201 1547 1277 1568 cum
1295 1538 1381 1567 Mar-

233 1586 296 1622 cio,
313 1586 537 1615 Romanorum
562 1584 679 1622 legato,
705 1583 911 1622 colloquitur,
930 1592 1067 1621 39—42.
1086 1582 1183 1610 mittit
1207 1581 1326 1619 legatos
1343 1581 1383 1610 ad

233 1629 428 1668 Byzantinos
443 1634 474 1657 et
490 1627 645 1662 Rhodios,
661 1627 713 1665 46.
737 1627 776 1655 de
792 1635 898 1655 rerum
912 1625 1039 1655 suarum
1061 1625 1189 1653 summa
1212 1622 1383 1652 confilium

232 1671 342 1707 habet,
362 1679 412 1710 50.
437 1669 532 1710 ipsius
547 1669 716 1704 exercitus,
732 1668 861 1707 triginta
877 1677 995 1697 novem
1012 1667 1114 1697 millia
1130 1666 1288 1706 peditum,
1303 1675 1383 1704 qua-

232 1720 304 1743 tuor
319 1715 479 1752 equitum,
499 1720 550 1752 51.
575 1713 760 1742 cohortatur
782 1711 900 1741 milites
914 1711 953 1740 ad
969 1709 1106 1747 bellum,
1125 1717 1176 1749 52.
1201 1709 1233 1737 in
1249 1708 1380 1738 Thessa-

230 1757 307 1786 liam
323 1757 358 1793 it,
376 1764 428 1796 53.
453 1756 617 1785 Romanos
638 1754 770 1793 equestri
787 1753 898 1793 proelio
919 1754 1032 1788 vincit,
1053 1759 1189 1792 57—59.
1207 1753 1246 1781 ad
1263 1751 1382 1781 milites

228 1801 408 1830 orationem
424 1798 533 1835 habet,
550 1801 600 1829 61.
624 1804 726 1827 tentat
742 1806 869 1837 pacem,
884 1797 1007 1833 frustra,
1026 1796 1076 1827 62.
1103 1796 1201 1824 castra
1217 1794 1384 1824 Romano-

230 1852 302 1872 rum
318 1842 387 1872 vult
405 1841 585 1879 incendere,
601 1841 652 1880 64.
675 1841 839 1870 Romanos
852 1839 965 1879 paffim
979 1844 1129 1878 vagantes
1145 1837 1310 1877 opprimit,
1329 1838 1381 1878 65.

230 1886 310 1915 redit
326 1886 358 1915 in
377 1885 618 1920 Macedoniam,
638 1885 691 1920 67.

273 1938 340 1957 rem
366 1928 508 1967 prospere
528 1927 606 1965 gerit
627 1925 772 1956 adversus
797 1925 975 1958 Romanos,
997 1930 1029 1954 et
1053 1924 1085 1953 in
1103 1923 1255 1958 Thracia,
1271 1931 1327 1962 43,
1344 1932 1378 1962 4.

232 1971 375 2010 Epirotas
391 1970 445 1999 fibi
463 1969 620 2007 adjungit,
636 1976 666 2008 5.
689 1968 758 2006 ejus
782 1968 908 1997 infidias
934 1968 986 1997 vix
1009 1967 1119 2004 effugit
1144 1965 1254 1995 consul
1271 1965 1380 1994 Hosti-

230 2013 391 2049 lius,ibid.
416 2014 448 2042 in
475 2013 639 2042 Dardanos
663 2010 885 2041 excursionem
911 2010 998 2047 facit,
1019 2009 1091 2038 ibid.
1116 2009 1279 2047 proximas
1303 2007 1379 2047 llly-

230 2057 350 2086 riorum
375 2062 483 2094 gentes
508 2062 686 2094 oppugnat,
707 2063 762 2093 43,
782 2062 834 2085 20.
858 2053 1022 2082 Uscanam
1049 2052 1147 2091 capit,
1165 2050 1237 2080 ibid.
1259 2049 1380 2089 legatos

229 2100 268 2129 ad
283 2099 453 2134 Gentium,
470 2097 651 2137 Illyriorum
669 2106 788 2135 regem,
807 2097 920 2131 mittit,
940 2104 989 2125 21.

270 2142 408 2172 occurrit
423 2141 464 2171 Q.
482 2141 605 2170 Marcio
630 2139 789 2178 Philippo,
814 2138 952 2174 consuli,
970 2147 1026 2176 44,
1045 2147 1073 2167 2.
1097 2142 1236 2176 occupat
1260 2135 1377 2173 aditus,

230 2184 302 2214 ibid.
324 2184 407 2214 levia
432 2183 607 2213 committit
633 2182 754 2221 proelia,
777 2192 807 2221 4.
831 2180 898 2219 ejus
922 2181 1061 2219 ignavia,
1084 2180 1114 2209 6.
1139 2179 1298 2217 trepidans
1318 2179 1379 2208 Ni-

229 2228 301 2257 cian
330 2227 428 2256 mittit
456 2225 589 2261 Pellam,
618 2232 652 2254 ut
677 2232 790 2263 gazam
817 2224 848 2253 in
874 2232 961 2252 mare
985 2222 1126 2260 dejiciat,
1151 2222 1377 2251 Andronicum

225 2269 486 2299 Thessalonicam
500 2269 539 2298 ad
555 2268 679 2298 navalia
697 2266 908 2302 incendenda,
928 2275 975 2296 10.
993 2266 1110 2305 postea,
1126 2266 1245 2304 pudore
1261 2264 1375 2301 taetus,

229 2320 402 2349 utrumque
420 2312 579 2346 interficit,
598 2310 669 2339 ibid.
693 2310 808 2339 foedere
825 2309 880 2338 fibi
896 2308 1041 2348 adjungit
1059 2308 1228 2344 Gentium,
1249 2317 1299 2344 23.
1317 2305 1378 2336 sol-

227 2355 329 2385 licitat
352 2355 506 2391 Rhodios,
526 2355 719 2388 Eumenem,
735 2359 765 2381 et
780 2352 995 2388 Antiochum,
1012 2351 1084 2382 ibid.
1100 2357 1127 2379 et
1146 2360 1195 2389 24.
1218 2350 1286 2387 ejus
1301 2358 1375 2379 ava-

226 2398 310 2436 ritia,
327 2399 377 2430 26.
401 2398 524 2428 recusat
548 2396 717 2428 Gallorum
739 2394 871 2434 auxilia,
895 2394 966 2426 ibid.
991 2394 1147 2425 Gentium
1172 2394 1205 2424 in
1228 2392 1371 2424 fraudem
