1572 2616
440 200 818 237 HISTORIARUM
849 199 1052 228 LIBROS.
1263 197 1340 241 195

193 281 227 313 lii
255 281 380 313 Lentuli
395 281 551 312 sufficitur
561 281 723 311 decemvir
739 280 913 317 sacrorum,
925 278 997 309 ibid.
1015 278 1137 319 legatus
1150 279 1183 309 in
1197 280 1340 317 Cretam,

193 333 244 365 35.
271 327 303 356 in
322 326 564 362 Macedoniam,
581 333 636 364 45,
655 332 704 360 17.

147 370 188 399 A.
204 369 386 399 Postumius
407 368 545 398 Albinus
561 368 700 397 mittitur
722 376 742 396 a
757 365 882 403 Paullo,
898 366 938 395 ad
955 365 1074 403 Persea,
1087 372 1142 405 45,
1157 375 1188 406 4.
1206 366 1238 396 in
1255 376 1345 397 exer-

192 413 257 442 citu
275 411 399 442 AEmilii
418 411 518 442 Paulli
535 411 670 441 custodit
685 419 791 449 regem
804 409 929 446 Persen,
944 410 995 439 28.

148 459 188 485 A.
205 455 385 486 Postumius
400 454 597 494 Regillensis,
612 454 761 484 tribunus
777 453 922 483 militum
939 451 1095 482 consulari
1109 453 1274 491 potestate,
1288 462 1347 492 op·

192 499 301 537 primit
315 507 425 538 graves
442 497 549 538 praeda
561 495 821 537 Tarquinienses,
838 503 869 537 5,
889 496 940 527 16.
963 496 1080 526 iterum
1095 495 1243 526 tribunus
1260 496 1345 526 mili-

193 548 278 578 tum,
293 542 325 578 6,
342 551 392 573 22.

149 585 189 614 A.
207 585 387 615 Postumius
402 584 576 621 Tubertus,
595 583 742 622 magister
764 583 910 622 equitum
935 581 1051 618 difflus,
1067 592 1102 623 4,
1122 591 1175 621 23.
1197 582 1345 621 dffikator,

191 629 244 658 26.
268 627 383 667 insigni
400 637 509 667 pugna
525 627 649 666 AEquos
664 626 857 666 Volscosque
870 626 984 662 vincit,
1002 626 1140 666 26—29.
1156 626 1290 666 quidam
1307 627 1347 656 ab

191 680 230 700 eo
247 670 353 701 filium
368 671 522 701 vi8mrem
535 670 633 700 securi
651 670 830 709 percussum
843 669 905 699 effe
921 669 1090 706 tradidere,
1108 679 1161 709 29.

151 713 191 744 C.
209 713 400 747 Postumius,
417 714 566 744 tribunus
582 712 740 749 militum,
757 719 813 752 45,
828 714 858 744 6.

150 757 186 787 L.
200 757 382 788 Postumius
398 757 550 793 Albinus,
566 756 714 786 tribunus
727 755 871 786 militum
887 755 1045 785 consulari
1061 756 1227 794 potestate,
1246 756 1278 793 6,
1298 766 1325 787 1.

151 800 187 830 L.
202 800 382 830 Postumius
398 800 548 835 Albinus,
567 806 693 839 praetor,
714 809 767 835 22,
786 808 837 839 35.
861 799 992 828 tertium
1010 798 1121 828 consul
1137 799 1248 829 absens
1263 809 1349 830 crea-

193 850 258 880 tur,
277 854 330 883 23,
349 854 400 883 24.
425 852 490 873 una
503 852 582 873 cum
598 843 739 872 exercitu
754 842 888 872 caeditur
903 851 922 871 a
938 841 1051 878 Gallis,
1066 841 1138 873 ibid.

152 886 188 916 L.
205 886 385 917 Postumius
401 887 538 917 Albinus
561 893 685 916 creatur
707 892 834 925 praetor,
851 894 907 925 40,
932 893 985 925 35.
1009 885 1134 915 sortitur
1158 885 1348 925 Hispaniam

193 929 392 966 ulteriorem,
409 930 481 959 ibid.
495 930 522 959 ei
537 936 723 969 prorogatur
739 928 925 968 imperium,
940 938 995 968 44.
1017 928 1086 966 ejus
1107 938 1154 958 res
1170 930 1276 968 gestae,
1294 937 1348 969 47.

197 978 228 1002 et
248 981 299 1012 50.
335 973 486 1002 Vaccaeos
499 980 531 1002 et
547 972 712 1002 Lusitanos
729 972 857 1011 subigit,
874 981 929 1010 41,
951 981 980 1009 3.
1006 973 1185 1012 triumphat
1208 972 1246 1002 de
1263 973 1350 1003 Lufi-

199 1018 294 1052 tanis‚
309 1025 356 1045 11.
373 1022 495 1045 creatur
507 1015 632 1050 consul,
648 1024 698 1053 33.
714 1014 915 1044 Praenestinis
930 1023 987 1045 cur
999 1015 1217 1056 infensus,42,
1234 1026 1261 1046 1.
1277 1023 1352 1046 ante

196 1067 273 1088 eum
289 1067 385 1088 nemo
401 1068 546 1096 unquam
563 1058 653 1088 sociis
671 1059 703 1087 in
727 1057 794 1087 ulla
810 1067 841 1087 re
864 1058 952 1088 oneri
975 1064 1031 1088 aut
1054 1059 1172 1088 sumtui
1190 1059 1262 1095 fuit,
1279 1059 1352 1092 ibid,

195 1101 319 1140 legatus
341 1102 382 1131 ad
405 1101 682 1140 Carthaginienses
698 1107 730 1130 et
755 1100 965 1138 Masinissam,
992 1109 1043 1140 35.
1066 1102 1145 1140 petit
1169 1102 1349 1139 censuram,

196 1153 252 1183 43,
275 1146 324 1174 16.
348 1145 472 1183 legatus
495 1143 668 1174 consularis
692 1143 748 1174 sub
765 1143 903 1174 AEmilio
925 1144 1050 1181 Paullo,
1064 1153 1116 1184 44,
1133 1154 1188 1184 41.
1212 1146 1352 1176 mittitur

198 1188 239 1217 ad
253 1188 467 1227 diripiendam
480 1187 593 1217 urbem
609 1187 798 1224 AEniorum,
813 1194 870 1226 45,
888 1195 941 1224 27.

154 1231 190 1260 L.
208 1231 389 1262 Postumius
405 1230 544 1261 Albinus
562 1231 768 1269 inauguratur
780 1230 901 1260 flamen
918 1230 1088 1267 Martialis,
1100 1238 1156 1271 45,
1177 1238 1225 1271 15.

156 1274 191 1304 L.
209 1274 392 1304 Postumius
419 1272 592 1313 Megellus,
617 1274 742 1310 consul,
757 1284 789 1314 9,
813 1283 867 1313 44.
892 1275 991 1304 vincit
1015 1274 1189 1310 Samnites,
1207 1282 1238 1304 et
1260 1274 1298 1305 de
1315 1276 1353 1306 iis

195 1318 390 1357 triumphat,
406 1317 477 1347 ibid.
493 1323 678 1357 propraetor,
699 1326 750 1353 10,
766 1318 816 1347 26.
839 1317 1015 1347 secundum
1028 1317 1153 1354 consul,
1171 1327 1223 1356 32.
1248 1319 1354 1350 aedem

196 1359 358 1396 Vi&oriae‚
375 1369 474 1399 quam
492 1360 592 1390 aedilis
609 1359 730 1390 curulis
747 1369 787 1389 ex
803 1359 1002 1390 muletatieia
1017 1362 1155 1400 pecunia
1169 1361 1354 1393 faciendam

198 1410 375 1440 curaverat,
396 1403 535 1440 dedicat,
554 1413 604 1442 33.
629 1403 828 1433 Samnitium
851 1402 974 1442 aliquot
1001 1403 1093 1433 urbes
1118 1406 1216 1443 capit,
1235 1414 1286 1444 34.
1320 1407 1353 1436 in

198 1445 358 1476 Etruriam
376 1447 512 1476 traducit
527 1446 720 1482 exercitum,
735 1453 765 1475 et
779 1445 820 1475 ibi
839 1455 904 1475 rem
922 1447 1013 1485 gerit,
1029 1454 1080 1484 37.
1100 1448 1292 1486 triumphat,
1310 1449 1354 1478 se-

200 1496 277 1518 natu
294 1489 490 1525 adversante,
507 1497 537 1518 et
553 1490 618 1519 fine
635 1489 736 1528 plebis
748 1488 848 1526 juffu,
866 1488 938 1520 ibid.
962 1491 1126 1520 accusatur
1141 1499 1159 1520 a
1174 1491 1222 1521 M.
1236 1491 1354 1522 Cautio

201 1531 332 1561 tribuno
346 1532 460 1572 plebis,
474 1533 527 1571 46.

158 1574 191 1605 L.
208 1575 388 1606 Postumius
405 1574 603 1614 Regillensis,
627 1574 773 1605 tribunus
797 1575 939 1606 militurn
964 1575 1121 1606 consulari
1138 1578 1302 1616 potestate,
1319 1579 1354 1617 6,

202 1627 253 1649 22.

158 1661 190 1690 L.
211 1661 390 1691 Postumius
401 1661 603 1700 Tempsanus
615 1667 739 1691 creatur
755 1666 881 1700 praetor,
907 1670 960 1702 39,
979 1671 1030 1700 23.
1055 1663 1203 1702 pastores,
1217 1664 1248 1694 in
1264 1666 1356 1704 Apu-

200 1703 242 1734 lia
259 1705 324 1734 vias
348 1705 526 1744 pascuaque
543 1705 653 1734 infesta
670 1704 838 1740 habentes,
855 1705 1066 1745 condemnat,
1086 1716 1137 1746 29.
1160 1714 1190 1736 et
1205 1708 1355 1747 reliquias

199 1747 454 1778 Bacchanalium
471 1748 655 1786 quaestionis
670 1747 863 1786 exsequitur,
876 1757 930 1787 41.

159 1791 192 1819 L.
209 1790 390 1819 Postumius
405 1792 611 1830 Tympanus,
628 1791 776 1829 quaestor,
791 1791 947 1820 occiditur
963 1800 980 1820 a
998 1791 1094 1827 Boiis,
1112 1801 1165 1830 34,
1182 1799 1236 1830 47.

158 1833 207 1863 M.
223 1833 404 1862 Postumius
419 1833 593 1872 Pyrgensis,
613 1832 819 1871 publicanus,
839 1841 891 1872 25,
909 1843 939 1871 3.
962 1834 1030 1871 ejus
1053 1836 1183 1864 avaritia
1207 1843 1238 1865 et
1254 1836 1355 1875 fraus,

201 1875 272 1904 ibid.
288 1876 452 1905 accusatur
468 1876 553 1915 apud
569 1875 741 1915 populum,
756 1875 828 1904 ibid.
845 1883 929 1906 creat
945 1877 1139 1914 tumultum,
1153 1877 1224 1907 ibid.
1241 1880 1283 1909 rci
1301 1889 1355 1910 ca-

200 1918 305 1957 pitalis
321 1919 387 1948 dies
403 1920 430 1948 ei
448 1919 574 1955 dicitur,
588 1928 619 1957 4.
637 1919 702 1948 abit
720 1920 752 1948 in
767 1918 929 1955 exsilium,
946 1920 1016 1949 ibid.

158 1961 205 1991 M.
223 1961 418 1997 Postumius,
434 1962 581 1991 tribunus
598 1961 740 1991 militum
758 1962 914 1992 consulari
931 1964 1096 2002 potestate,
1110 1973 1144 2002 4,
1163 1973 1214 2002 31.
1238 1965 1353 1996 decem

199 2004 342 2034 millibus
358 2006 427 2034 aeris
442 2005 544 2043 gravis
559 2005 743 2041 damnatur,
759 2013 812 2043 41.

157 2047 205 2077 M.
222 2047 402 2078 Postumius
418 2047 567 2084 Albinus,
582 2048 728 2078 tribunus
744 2047 887 2078 militum
911 2048 1068 2079 consulari
1087 2051 1250 2088 potestate,
1268 2052 1354 2091 (sive

196 2091 294 2129 potius
311 2090 416 2131 censor)
437 2099 467 2129 5,
490 2100 515 2121 1.

159 2133 207 2162 M.
225 2133 404 2163 Postumius
420 2132 618 2172 Regillensis,
636 2132 781 2163 tribunus
806 2133 946 2163 militum
966 2134 1119 2164 consulari
1146 2138 1308 2174 potestate,
1320 2148 1352 2177 4,

202 2185 254 2214 49.
278 2177 378 2205 homo
395 2186 500 2215 pravae
517 2176 646 2212 mentis,
663 2175 733 2205 ibid.
758 2177 790 2206 in
814 2185 888 2206 cum
915 2178 1075 2207 invehitur
1099 2180 1236 2216 Sextius,
1255 2181 1353 2211 tribu-

205 2227 265 2247 nus
283 2218 394 2257 plebis,
409 2219 480 2248 ibid.
498 2220 537 2249 ab
551 2221 691 2249 exercitu
710 2219 763 2248 suo
781 2219 938 2259 lapidibus
954 2221 1108 2257 obruitur,
1128 2231 1178 2260 50.

161 2260 194 2290 P.
213 2261 391 2291 Postumius
408 2263 516 2292 consul
534 2271 669 2298 creatur,
688 2272 718 2299 2,
739 2264 785 2292 16.
811 2264 1038 2303 triumphatde
1053 2265 1191 2301 Sabinis,
1211 2265 1281 2296 ibid.

162 2304 193 2333 1².
212 2304 403 2339 Postumius,
421 2305 554 2343 legatus,
568 2315 623 2344 42,
638 2313 692 2344 45.

159 2346 214 2385 Sp.
232 2347 423 2383 Postumius,
440 2348 560 2381 consul,
578 2357 608 2386 3,
624 2358 653 2378 2.
668 2348 788 2387 legatus
802 2349 1091 2378 mittiturAtht-naz
1108 2349 1215 2387 legum
1233 2353 1350 2391 caussa,

204 2399 254 2429 31.
267 2390 429 2420 decemvir
445 2398 580 2428 creatur,
599 2401 649 2430 33.
674 2391 807 2429 legatus,
825 2393 930 2431 praeest
949 2393 1065 2422 medlae
1082 2394 1174 2432 atiel,
1192 2403 1241 2431 70.

680 2433 708 2463 Κ
727 2443 743 2463 2
