1572 2616
206 132 260 161 20
632 138 970 167 ROMANORUM

580 302 809 344 TULLIA
841 304 1015 346 GENS.

373 518 559 547 TULLIUS
578 517 934 555 CORNICULANUS‚
947 528 1002 558 pro
1016 519 1115 558 patria
1128 520 1224 549 dimi-

373 570 462 597 cans,
480 570 553 600 quae
569 570 587 590 a
602 561 782 599 Tarquinio
798 560 899 590 Prisco
923 571 992 601 tege
1013 563 1224 601 oppugnaba-

373 611 434 639 tur,
453 604 581 641 cecidit,
599 603 709 633 reffla
726 604 845 633 Oerifia
859 614 955 634 uxore
969 606 1108 643 gravida,
1122 615 1223 644 quam

373 655 502 686 captam
520 657 572 676 rex
589 647 761 686 Tanaquili
781 649 873 677 uxori
891 648 1034 678 donavit.

288 732 378 762 SER.
395 732 582 762 TULLIUS
608 732 753 762 TULLII
784 733 817 762 F.
851 733 887 762 In
917 733 1063 763 servitute
1087 734 1171 772 apud
1198 743 1307 772 regem

285 776 501 814 Tarquinium
520 783 626 812 natus,
642 777 726 805 unde
741 776 838 805 etiam
856 776 982 806 Servius
1005 777 1107 806 didius
1129 778 1184 811 est,
1203 786 1309 806 corro—

285 819 395 848 borata
409 826 502 848 aetate
517 829 612 858 gener
630 820 691 857 regi
715 818 842 855 ascitus,
860 828 897 848 eo
913 829 931 848 a
948 820 1077 849 Marciis
1100 820 1217 854 occiso,
1233 820 1308 848 hor-

286 869 353 892 tatu
369 862 474 892 socrus
487 871 620 900 regnum
638 861 782 900 suscepit,
799 868 829 890 et
848 872 897 891 vx.
919 872 1008 892 ROM.
1026 872 1094 891 max
1114 870 1235 892 creatus
1251 864 1304 893 est.

286 905 431 935 Lustrum
449 905 581 934 instituit
596 916 602 933 :
627 914 705 933 cum
730 904 866 934 Etruscis
889 914 990 935 annos
1008 915 1047 935 20
1065 905 1187 934 bellum
1204 905 1305 943 gessit,

285 948 323 977 de
339 949 375 978 iis
395 948 524 977 tertium
550 948 779 986 triumphavit:
805 948 927 977 occisus
951 949 994 977 est
1010 958 1028 978 a
1044 949 1220 987 Tarquinio
1247 949 1306 978 Su-

285 991 393 1030 perbo,
411 1000 488 1020 cum
505 990 656 1028 regnaffet
673 1000 775 1019 annos
791 1000 843 1029 44.
868 991 986 1021 Livius.
1001 991 1171 1031 Dionysius
1186 991 1243 1020 lib.
1262 992 1303 1021 iv.

284 1034 491 1063 Cassiodorus.
510 1034 690 1073 Eutropius.
715 1033 812 1063 Varro
827 1033 865 1062 de
881 1033 991 1073 lingua
1005 1035 1075 1064 Lat.
1088 1035 1128 1064 iv.
1146 1041 1177 1064 et
1189 1043 1218 1063 v.
1247 1034 1309 1064 Pli-

286 1078 358 1107 nius
375 1076 429 1107 lib.
443 1077 557 1106 xxxiii.
575 1086 604 1115 3.
623 1083 653 1106 et
669 1076 781 1106 xxxvi.
799 1083 851 1112 27.

198 1206 357 1236 TULLIA
382 1205 470 1235 SER.
497 1205 530 1234 F.
551 1204 695 1233 TULLII
719 1204 762 1233 N.
849 1203 1011 1233 TULLIA
1027 1203 1115 1233 SER.
1135 1204 1168 1234 F.
1183 1204 1328 1234 TULLII
1347 1205 1392 1235 N.

197 1250 311 1279 Arunti
328 1249 504 1287 Tarquinio
528 1246 647 1285 nupsit,
664 1256 763 1285 quem
850 1256 933 1276 uxo-r
958 1247 1124 1285 Tarquinii
1152 1248 1297 1285 Supexbi,
1322 1257 1391 1277 rna-

198 1292 299 1322 fratris
323 1291 440 1321 insidiis
466 1291 633 1326 interfecit,
651 1291 702 1320 cui
719 1297 764 1319 et·
852 1290 901 1318 riti
932 1296 961 1319 et
994 1290 1102 1319 sororis
1139 1289 1256 1320 infidiis
1289 1291 1393 1330 periit.

197 1336 262 1365 iam
281 1337 347 1374 post
372 1334 477 1364 mariti
498 1334 620 1363 caedem
645 1332 760 1372 nupfit.
850 1332 967 1363 LiviuS.
992 1332 1174 1373 Dionysius.
1199 1333 1318 1364 Plinius
1334 1333 1392 1363 lib.

198 1378 316 1408 Livius.
340 1377 511 1418 Dionysius
527 1376 582 1406 lib.
601 1376 641 1406 iv.
664 1376 762 1406 Varro
850 1376 961 1406 xxxvi.

200 1422 237 1451 de
254 1422 364 1461 lingua
379 1422 446 1452 Lat.
464 1420 520 1450 lib.
537 1420 581 1450 iv.
