1572 2616
428 132 664 160 PLEBEIAE
702 132 922 160 GENTES.

1200 130 1278 174 155

215 254 265 285 M.
279 254 463 285 PORCIUS
480 252 499 268 '²
512 254 640 284 CATO.
664 253 855 285 Plutarchus

216 298 248 327 in
265 298 450 328 Censorino.

513 341 526 370 1

24 374 31 378 “
87 383 135 413 Μ.
165 383 346 413 PORCJth
379 384 424 412 M.
456 384 478 412 F
518 386 525 393 ”
540 383 582 413 N.
608 382 724 412 CATO
752 382 954 413 CENSORI·
1022 382 1056 413 L.
1099 381 1285 413 PORCIUS

88 435 155 456 Νις
192 429 253 456 Aut
271 437 316 456 ir.
351 427 506 462 Guwstor,
524 435 610 455 anno
628 435 702 465 541.
724 425 852 463 AEdilis,
870 435 956 455 anno
1026 435 1055 455 1..
1081 434 1109 455 r.
1132 434 1160 455 1..
1180 434 1214 455 Ν.
1233 435 1286 455 ιι-

89 477 160 508 545.
186 470 315 502 Pranr.
334 480 420 499 anno
436 478 508 509 549.
532 469 644 499 Cicero
660 470 691 497 in
711 469 844 499 Critone.
872 469 958 498 Con·
1026 477 1148 498 emus.
1202 468 1285 498 Prae-

88 512 227 542 sulcum
245 513 278 543 L.
295 513 431 548 Valerio,
448 522 534 541 annu)
553 513 625 551 558.
650 512 756 541 Liwus
774 512 826 542 lib.
844 513 958 542 xxxiii.

86 554 288 585 Plutarchus.
333 556 444 585 cicero
462 557 492 584 in
511 555 633 584 sztone
650 563 678 584 et
698 556 805 584 bruto.
846 554 959 593 Hispa-

88 598 177 628 niam
202 599 380 628 citeriorem
398 598 596 637 provinciam
618 599 752 633 sonitus,
769 606 843 636 quae
860 598 959 627 rebel-

87 640 218 676 laverat,
236 643 372 678 pat-avit,
390 651 485 680 mque
509 651 548 670 ex
571 651 607 670 ea
632 641 851 679 triumphavit.
895 641 963 679 Ap-

89 684 205 724 pianus
223 684 254 713 in
274 683 546 723 szpaniensibus.
593 683 710 713 Cenior
724 693 800 712 curn
819 683 853 714 L.
870 683 964 713 Vale-

89 727 148 762 rio,
166 736 252 756 anno
268 729 342 766 569.
377 727 485 756 Liv1us
500 727 556 756 lib.
575 727 688 756 xxxix.
724 726 836 756 Cicero
853 727 884 756 in
903 726 962 756 Ca-

1025 518 1086 548 tor,
1106 520 1193 541 anno
1209 512 1284 551 560.

1025 555 1091 585 Liv.
1103 554 1160 584 lib.
1171 555 1286 585 xxxiv.

1025 597 1142 627 Consul
1156 606 1233 627 cum
1251 598 1285 628 P.

1027 640 1176 675 Claudio,
1198 649 1287 670 anno

1028 685 1102 724 569.
1178 683 1286 713 Livius

1027 726 1084 757 lib.
1100 726 1215 757 xxxix.

90 775 177 801 tone.
224 770 366 800 Valerius
383 770 439 799 lib.
458 771 489 800 ii.
513 779 584 808 cap.
600 779 631 807 4.
655 776 687 798 et
709 769 764 799 hb.
782 770 826 799 iii.
842 778 914 808 cap.
930 779 962 809 4.

90 812 251 842 Plutarch.
284 812 433 852 Virgilius
449 812 506 843 lib.
522 813 565 843 vi.
598 812 687 842 Vixit
703 821 805 842 annos
822 812 874 842 80.
909 812 963 842 Ci-

91 864 164 886 cero
181 856 214 885 in
231 855 338 886 Bruto.

96 1242 184 1280 plina
208 1243 304 1271 libros
328 1242 464 1280 reliquit.

97 1286 136 1314 de
149 1285 279 1323 Origine
290 1285 380 1322 juris.

726 991 812 1018 fus..

93 1026 143 1057 M.
167 1026 350 1058 PORCIUS
375 1027 423 1057 M.
440 1027 474 1058 F.
492 1027 541 1057 M.
557 1027 599 1058 N.
617 1027 746 1058 CATO.
793 1028 841 1058 M.
859 1026 1044 1058 PORCIUS
1063 1026 1112 1057 M.
1129 1027 1164 1057 F.
1183 1026 1230 1058 M.
1244 1027 1290 1059 N.

95 1070 211 1101 Praetor
233 1071 427 1110 designatus,
445 1071 517 1099 vivo
541 1078 627 1109 patre
652 1072 748 1101 mori-

95 1120 156 1143 tur.
182 1113 330 1152 Epitome
346 1113 449 1143 xlviii.
474 1113 580 1143 Gener
597 1114 629 1143 L.
647 1114 747 1144 Paulli

95 1156 166 1186 fuit.
192 1156 303 1186 Cicero
320 1157 351 1186 in
369 1156 510 1186 Catone:
534 1156 589 1186 lib.
605 1157 643 1186 de
660 1157 749 1187 Orat.

98 1199 130 1229 ii.
146 1208 176 1229 et
193 1199 289 1229 Offie.
308 1200 327 1228 i.
353 1199 500 1238 Egregios
512 1200 550 1228 de
564 1200 642 1236 juris
659 1200 750 1230 disci-

508 1242 620 1282 Pomp.
645 1242 700 1273 lib.
717 1243 751 1273 ii.

426 1375 512 1403 aaz..

99 1413 147 1443 M.
177 1412 360 1444 PORCIUS
398 1413 445 1443 M.

103 1465 130 1485 r.
145 1465 183 1485 M.
198 1465 229 1485 Ν.
244 1466 346 1486 CATO.
362 1456 448 1486 Con-

101 1499 238 1528 sulcum
256 1499 296 1529 Θ.
309 1500 446 1536 Marcio,

102 1551 188 1572 anno
209 1543 283 1580 635.
331 1542 447 1572 caffio-

100 1584 206 1615 dorus.
247 1585 445 1624 obsequens.

101 1627 223 1657 Plinius
245 1627 303 1658 lib.
320 1629 351 1658 ii.
374 1637 446 1668 cap.

105 1679 158 1709 31·
230 1671 267 1700 ln
305 1671 446 1700 Africam

105 1722 182 1743 cum
219 1714 352 1752 imperio
379 1723 448 1753 pro-

103 1754 216 1793 scetus,
232 1756 264 1785 in
287 1757 448 1795 provincia

104 1806 250 1828 mortuus
273 1799 327 1828 est.
374 1799 449 1829 Gel-

103 1841 165 1871 lius
193 1841 250 1871 lib.
278 1842 345 1871 xiii.
378 1852 449 1881 cap.

109 1886 158 1914 r8.
197 1884 350 1914 Meminit
377 1885 452 1914 Vel-

104 1926 186 1957 leius
213 1927 268 1956 lib.
294 1928 313 1956 i.
361 1927 450 1957 Vale.

107 1970 170 1999 rius
194 1969 249 1999 lib.
265 1980 293 2000 v.
315 1979 386 2009 cap.
404 1981 453 2001 ιο.

106 2013 171 2044 Ubi
203 2022 267 2042 non
298 2013 378 2042 reete
405 2014 453 2043 su-

105 2056 261 2094 periorem
296 2055 452 2086 Catonem

108 2098 198 2127 hunc
224 2099 393 2129 nominat:
424 2100 454 2129 id

108 2141 196 2170 enirn
215 2141 388 2170 Censorino
403 2151 455 2171 eo-

110 2183 185 2212 dem
201 2183 328 2213 aufflore
347 2185 455 2214 tribui-

112 2233 172 2255 tur.

279 2269 291 2298 1

113 2310 146 2340 L.
162 2310 346 2341 PORCIUS
362 2312 408 2341 M.
423 2312 457 2342 F.

491 1413 528 1443 C.
568 1413 751 1444 PORClUS

495 1466 535 1486 M.
566 1466 594 1486 ε.
635 1466 675 1486 M.
715 1467 749 1486 N.

493 1508 600 1529 cATO.
633 1499 752 1529 Consul

492 1551 569 1572 cum
594 1542 652 1572 Μ’.
679 1543 752 1573 Aci-

490 1584 546 1621 lio,
571 1594 658 1614 anno
678 1586 751 1626 639.

492 1628 702 1658 Caffiodorus.

493 1671 698 1710 Repetunda-

494 1724 566 1744 rum
583 1723 624 1744 ex
644 1714 752 1744 Mace-

493 1757 590 1786 donia
617 1757 753 1786 damna—

494 1807 557 1834 tus,
575 1806 605 1829 et
624 1801 655 1828 in
675 1799 753 1829 exsl-

495 1842 574 1871 lium
586 1843 752 1881 profectus,

495 1886 573 1914 civis
603 1886 755 1914 Tarraco-

498 1927 602 1957 nensis
656 1928 757 1957 faftus

497 1971 551 2001 est.
597 1971 708 2000 Cicero
725 1971 757 1999 in

499 2014 637 2043 l’raetura
681 2014 760 2043 Sici-

499 2056 597 2087 lienfi.
623 2057 704 2086 ltem
722 2056 761 2085 de

499 2100 625 2138 Signis:
658 2106 689 2128 et
707 2108 762 2137 pro

502 2143 611 2172 Balbo.
645 2141 761 2171 Vellei-

501 2196 537 2215 us
552 2185 606 2214 lib.
622 2185 652 2213 ii.
669 2185 759 2214 litem

502 2229 530 2257 iv
561 2238 600 2257 M.
622 2229 760 2257 aestima-

502 2278 568 2300 tam
584 2271 699 2300 scribit.
711 2270 765 2300 Ci-

502 2323 574 2343 cero
601 2322 640 2342 ns
671 2313 763 2342 xviii.

795 1080 886 1100 CATO
917 1079 1155 1100 SALomANus.
1202 1072 1292 1101 Mor-

793 1120 867 1143 tuus
890 1114 933 1143 est
955 1114 1033 1143 dum
1051 1113 1125 1143 effet
1150 1113 1292 1153 Impera-

794 1163 853 1186 tor.
892 1156 1081 1186 Plutarchus
1098 1158 1130 1186 in
1147 1156 1292 1187 Censori-

795 1209 848 1230 no.

796 1284 845 1314 M.
875 1284 1059 1314 PORCIUS
1095 1285 1142 1315 M.
1177 1285 1208 1315 F.
1242 1285 1291 1316 M.

796 1336 830 1356 N.
851 1336 955 1357 cATo.
999 1328 1164 1358 Tribunus
1181 1329 1293 1368 plebis.

796 1369 969 1400 Praeturam
1001 1378 1111 1409 petens
1147 1379 1294 1402 mortuus

796 1413 848 1442 est.
895 1412 1017 1442 Gellius
1044 1413 1096 1443 lib.
1124 1415 1192 1443 xiii.
1222 1423 1294 1454 cap.

800 1456 849 1485 18.
889 1456 986 1485 Hunc
1003 1456 1203 1487 consularem
1220 1457 1296 1488 Plu-

797 1499 926 1528 tarchus
944 1499 975 1528 iu
989 1499 1162 1530 Censorino
1178 1508 1293 1530 vocat:

796 1542 882 1579 quod
909 1551 1006 1581 quarn
1039 1552 1150 1572 verum
1182 1543 1218 1572 fit
1255 1553 1295 1573 ex

796 1585 879 1614 fastis
932 1585 1103 1615 consulum
1153 1593 1294 1624 apparet.

798 1627 905 1666 Hujus
944 1629 1094 1658 meminit
1152 1629 1295 1660 Valerius

796 1670 852 1701 lib.
870 1671 936 1700 viii.
951 1679 1021 1709 cap.
1039 1682 1069 1711 9.

799 1756 846 1785 M.
864 1756 1047 1786 PORClUS
1069 1757 1116 1787 M.
1136 1758 1170 1787 F.
1189 1758 1236 1788 M.
1252 1758 1297 1789 N.

799 1807 903 1829 cATo.
961 1800 1126 1830 Tsibunus
1182 1801 1296 1839 plebis,

799 1842 920 1877 Silano,
947 1842 1093 1872 Muraena
1118 1852 1198 1873 coss.
1224 1844 1298 1874 Plu·

800 1886 940 1914 tarchus.
975 1886 1088 1915 Cicero
1107 1895 1161 1924 pro
1179 1886 1298 1917 Murae-

803 1936 855 1957 na.
880 1927 1056 1965 Rogatione
1073 1928 1197 1965 Clodia,
1217 1930 1298 1960 Piso-

803 1979 856 2007 ne,
881 1972 1021 2000 Gabinio
1045 1980 1125 2000 coss.
1152 1974 1299 2010 pecuniae

805 2013 970 2043 Ptolomaei
986 2014 1064 2052 regis
1080 2014 1173 2054 Cypri
1189 2016 1300 2055 depor-

806 2057 911 2085 tandae
930 2057 1104 2094 praefeflus.
1154 2057 1302 2095 Epitome

808 2099 870 2128 civ.
908 2099 1050 2128 Valerius
1074 2099 1128 2129 lib.
1145 2101 1211 2130 viii.
1230 2110 1302 2140 cap.

813 2143 856 2170 16.
883 2143 1077 2171 Ammianus
1097 2142 1304 2174 Marcellinus

806 2184 859 2214 lib.
879 2185 943 2214 xiv.
979 2185 1090 2215 Cicero
1108 2195 1163 2224 pro
1179 2186 1302 2223 Sextio,

804 2234 833 2256 et
849 2236 904 2266 pro
920 2228 1029 2257 domo.
1045 2228 1108 2257 Dio
1122 2228 1176 2257 lib.
1188 2231 1303 2260 xxxix.

810 2271 976 2308 Appianus
1008 2277 1115 2299 tamen
1143 2271 1181 2301 de
1212 2272 1305 2302 Bellis

808 2313 957 2342 civilibus
970 2313 1118 2346 secundo,
1131 2315 1196 2353 post
1210 2314 1305 2344 Pom-
