1572 2616
266 134 345 179 150
684 139 1024 170 ROMANORUM

304 259 355 289 M.
376 260 597 290 CLAUDIUS
621 266 633 276 ²
652 262 686 291 F.
710 262 773 291 ‘N.
801 262 1074 294 MARCELLUS.
1130 264 1247 295 Consul
1272 274 1347 294 eum
1372 264 1410 295 C.

308 302 443 338 Valerio,
458 313 544 333 anno
556 314 631 343 422.
671 305 777 334 Livius
795 305 849 335 lib.
869 307 932 335 viii.
971 306 1114 336 Difiator
1132 308 1338 337 comitiorum
1353 309 1413 337 ha-

304 345 486 418 pgndorum
509 348 616 384 causa,
633 357 720 377 anno
736 351 812 387 426.
856 348 942 378 Vitio
965 349 1066 379 fastus
1089 350 1259 380 abdicavit.
1305 351 1412 381 Livius

319 399 326 418 1
354 411 360 419 .
375 399 439 419 viu.

305 474 354 504 M.
373 475 595 506 CLAUDIUS
620 476 666 506 M.
686 477 718 507 F.
738 477 801 506 *N.
819 477 1091 509 MARCELLUS.
1135 478 1257 508 Consul
1281 487 1360 509 cum
1376 476 1413 507 C.

306 517 442 556 Nautio,
459 529 546 549 anno
557 520 633 559 466.
658 520 867 550 Cassiodorus.

307 603 355 634 M.
381 605 602 635 CLAUDIUS
628 606 674 636 M.
694 606 726 636 F.
745 606 793 636 Μ.
815 607 856 635 N.
875 606 1147 636 MARCELLUS.
1194 605 1312 636 Consul
1336 614 1414 636 cum

306 647 367 676 Cn.
387 648 548 684 Cornelio,
566 658 653 678 anno
671 658 743 688 531.
776 650 886 678 Gallos
903 650 970 678 acie
987 649 1075 684 vicit,
1091 650 1195 678 occiso
1212 659 1327 679 eorum
1344 657 1414 687 rege

305 690 511 727 virdumam,
535 692 624 721 tertia
649 693 716 731 post
740 692 919 721 Romulum
945 692 1164 722 Feretriojovi
1181 701 1272 722 arma
1287 692 1415 730 suspen-

307 733 364 763 dit.
402 734 553 774 Polybius
570 734 625 764 lib.
644 735 675 764 ii.
716 735 864 774 Epirome
880 745 936 764 xx.
976 735 1147 774 Eutropius
1164 735 1218 765 lib.
1236 735 1280 764 iii.
1320 734 1415 764 Vale-

307 776 372 806 rius
388 776 442 806 lib.
463 778 504 807 iii.
529 787 600 816 cap.
620 787 648 808 2.
674 778 823 817 Virgilius
839 778 894 808 lib.
908 779 949 808 vi.
975 778 1091 807 Consul
1112 788 1153 815 11,
1167 787 1244 808 cum
1256 778 1307 807 Ti.
1323 778 1415 807 Sem-

306 821 433 858 pronio,
453 829 540 850 anno
557 821 629 859 538.
675 821 761 850 Vitio
777 821 878 851 faRus
901 821 1069 850 abdicavit.
1118 821 1226 850 Livius
1248 819 1304 850 lib.
1321 820 1415 850 xxiii.

308 862 428 892 Consul
447 873 507 898 ιιι,
524 872 600 893 cum
617 864 658 894 Θ..
676 863 787 899 Fabio,
803 874 890 893 anno
908 872 982 904 539.
1008 864 1114 893 Livius
1130 863 1185 893 lib.
1202 864 1291 893 xxiv.
1315 863 1352 892 In
1369 862 1418 892 Si-

307 904 417 935 ciliam
435 916 512 935 cum
531 908 664 945 imperio
682 908 850 946 profestuffi
869 907 1036 946 Syracusas
1053 907 1188 935 triennio
1205 906 1430 947 expugnavit,⁸

306 954 405 986 atque
421 949 565 979 Siciliam
590 951 621 979 in
648 950 757 989 populi
781 950 877 980 Rom.
902 951 1087 988 potestatem
1114 950 1242 988 redegit.
1286 949 1417 978 Trium-

330 992 393 1021 hus
407 993 434 1021 ei
451 1002 469 1022 a
486 994 593 1022 senatu
611 1001 744 1031 negatus
763 1005 768 1021 :
794 994 826 1022 in
844 993 971 1022 Albano
988 1000 1098 1022 monte
1115 992 1334 1030 triumphavit.
1367 991 1419 1020 ii-

308 1034 379 1063 vius
394 1034 451 1065 lib.
470 1045 546 1065 xxv,
571 1035 682 1065 Cicero
699 1036 919 1065 Accusationis
933 1042 1046 1074 quarto
1058 1042 1086 1064 et
1105 1035 1230 1073 quinto.
1278 1034 1419 1064 Valerius

309 1076 366 1107 lib.
385 1078 416 1107 ii.
434 1087 505 1117 cap.
524 1087 552 1116 3.
576 1085 606 1107 et
623 1077 678 1108 lib.
696 1079 737 1108 iv.
752 1086 782 1107 et
799 1089 829 1107 v.
846 1088 917 1117 cap.
939 1088 965 1107 1.
991 1077 1108 1107 Consul
1128 1087 1180 1113 ιν,
1197 1086 1272 1107 eum
1292 1077 1339 1107 M.
1356 1077 1421 1106 Va-

309 1119 399 1155 letio,
416 1131 503 1150 anno
520 1130 591 1160 543.
624 1121 787 1160 Salapiam
803 1122 961 1160 oppdum
978 1121 1010 1149 in
1029 1120 1119 1149 Ital-a
1135 1130 1189 1157 per
1206 1120 1419 1159 proditionem

309 1164 441 1202 recepit,
458 1171 489 1192 et
505 1164 566 1192 alia
591 1164 623 1192 in
647 1164 847 1194 Samnitibus
871 1163 988 1201 oppida
1011 1164 1193 1201 occupavit.
1239 1163 1344 1191 Livius
1364 1161 1419 1191 lib.

309 1206 401 1236 xxvi.
446 1206 564 1235 Consul
585 1216 620 1241 v,
637 1216 714 1236 cum
730 1207 769 1236 T.
790 1205 956 1241 Θυίιιξὶίο,
973 1215 1060 1234 anno
1078 1213 1152 1244 545.
1190 1205 1240 1234 Ab
1261 1203 1420 1234 Annibale

310 1248 430 1278 insidiis
447 1250 699 1284 circumventus,
716 1249 839 1278 occisus
855 1250 909 1278 cst.
942 1249 1047 1277 Livius
1063 1247 1118 1277 lt'o.
1136 1249 1233 1276 xxvii.
1259 1248 1370 1276 Cicero
1387 1246 1421 1275 in

312 1292 448 1321 Catone.
494 1291 635 1321 Valerius
653 1291 707 1321 lib.
726 1292 746 1320 i.
762 1301 834 1330 cap.
852 1291 880 1321 6.
898 1298 929 1320 et
946 1290 1001 1319 lib.
1020 1300 1049 1319 v.
1068 1299 1139 1329 cap.
1160 1300 1185 1320 ι.
1233 1289 1422 1320 Plutarchus
1487 1323 1493 1327 .

312 1335 345 1363 in
362 1335 448 1364 vita:
474 1335 528 1373 qui
546 1341 655 1364 tamen
674 1336 734 1363 hac
752 1334 784 1363 in
802 1344 832 1363 re
849 1334 1012 1370 tradenda,
1030 1342 1094 1362 non
1111 1332 1215 1362 solum
1237 1340 1421 1372 temporum

311 1377 451 1414 ordines,
467 1387 582 1407 verum
605 1378 704 1407 etiam
728 1386 774 1407 res
797 1377 910 1416 gestas,
929 1376 983 1406 suo
1006 1385 1096 1406 more
1119 1375 1289 1405 confundit
1305 1381 1336 1405 et
1352 1383 1420 1414 per-

313 1420 432 1450 turbat.

272 1505 320 1535 M.
342 1505 563 1535 CLAUDIUS
588 1504 636 1534 M.
662 1505 696 1534 F.
712 1504 762 1534 Μ.
785 1504 828 1534 Ν.
846 1502 1118 1533 MARCELLUS.

271 1548 400 1584 Praetor,
423 1557 510 1577 anno
531 1554 604 1587 555.
650 1548 757 1576 Livius
780 1546 836 1576 lib.
853 1547 956 1576 xxxii.
1002 1545 1120 1575 Consul

271 1600 349 1621 curn
367 1592 402 1621 L.
421 1591 527 1625 Furio,
545 1599 631 1619 anno
649 1598 723 1630 557.
768 1589 878 1619 Gallos
894 1589 1120 1628 transpadanos

269 1634 359 1663 vicit.
405 1635 454 1663 De
478 1633 661 1662 Insubribus
685 1639 715 1662 et
738 1631 949 1662 Comenfibus
966 1632 1120 1670 triumph.

274 1676 382 1706 Livius
407 1676 462 1706 lib.
487 1676 602 1705 xxxiii.
647 1675 766 1704 Censor
788 1684 865 1704 cum
894 1675 934 1704 T.
954 1674 1120 1710 Quinftio,

273 1728 362 1749 anno
378 1720 452 1760 564.
498 1719 607 1749 Livius
630 1717 688 1748 lib.
701 1718 827 1748 xxxvii.
873 1717 984 1747 Cicero
1008 1718 1040 1746 in
1062 1716 1124 1746 Ca-

274 1768 363 1793 tone.

276 1847 327 1878 M.
348 1846 567 1877 CLAUDIUS
591 1846 639 1875 M.
665 1846 698 1876 F.
719 1845 767 1875 M.
789 1845 832 1875 N.
853 1844 1124 1875 MARCELLUS.

275 1890 405 1927 Praetor,
419 1899 505 1919 anno
522 1890 596 1928 584.
622 1889 727 1918 Livius
739 1888 795 1918 lib.
811 1888 890 1917 xliii.
915 1887 1032 1918 Consul
1048 1896 1124 1916 cum

277 1933 315 1963 C.
333 1933 488 1972 Sulpicio,
506 1941 591 1961 anno
611 1932 683 1971 587.
722 1931 826 1960 Livius
843 1930 898 1959 lib.
916 1930 981 1960 xlv.
1015 1930 1126 1960 Gallos

276 1976 412 2015 Alpinos
430 1975 561 2014 subegit.
587 1974 735 2012 Epitome
751 1973 829 2003 xlvi.
853 1972 971 2002 Consul
989 1982 1031 2007 ιι,
1048 1981 1126 2002 cum

278 2019 312 2050 P.
330 2017 490 2053 Cornelio,
502 2026 588 2047 anno
603 2018 675 2057 598.
698 2016 906 2046 Caffiodorus.
931 2014 1048 2045 Consul
1067 2024 1125 2050 ιιι,

279 2071 358 2091 cum
375 2061 408 2091 L.
425 2060 563 2095 Valerio,
581 2069 668 2089 anno
685 2061 757 2090 601.
791 2058 1002 2088 Cassiodorus,
1036 2057 1128 2086 Nau-

279 2105 380 2143 fragio
398 2105 430 2133 in
447 2103 553 2132 Africa
576 2103 676 2142 periit.
724 2102 874 2141 Epitoma
889 2100 911 2130 l.
957 2100 1067 2130 Cicero
1090 2099 1128 2129 de

282 2155 395 2177 natura
419 2146 561 2175 Deorum
586 2145 745 2175 secundo:
770 2151 801 2174 et
817 2145 855 2173 de
871 2142 1077 2174 Divinatione
1095 2142 1127 2172 ii.

282 2190 373 2221 Idem
389 2190 427 2220 de
445 2189 535 2225 Fam,
554 2189 586 2218 in
602 2187 761 2223 Pisonem,
777 2186 991 2251 ettAsconius.

1208 1503 1256 1533 M.
1287 1501 1469 1532 CLAUDI-

1210 1554 1249 1575 υς
1285 1554 1325 1575 Μ.
1359 1554 1386 1573 r.
1425 1553 1466 1574 M.

1208 1597 1244 1617 N.
1306 1595 1468 1617 rufiacu-

1209 1639 1286 1660 Lus.
1337 1630 1466 1666 Praetor,

1208 1682 1294 1702 anno
1311 1675 1384 1712 565.
1416 1671 1469 1701 Li-

1208 1717 1279 1745 vius
1332 1714 1468 1744 xxxviii.

1181 1757 1329 1790 .Consul
1388 1766 1468 1786 cum

1214 1802 1254 1830 Θ.
1281 1800 1391 1836 Fabio,
1412 1808 1470 1829 an-

1212 1853 1256 1873 no
1268 1851 1340 1883 570.
1363 1842 1470 1872 Livius

1213 1885 1294 1916 libro
1310 1884 1426 1916 xxxix.
