1572 2616
215 158 271 203 62
571 205 576 210 ⁴
638 173 980 202 ROMANORUM

482 297 686 336 VALERIAE
710 299 871 330 GENTlS
897 298 1082 330 FAMILIA
1105 299 1148 330 11.

213 462 430 498 VALERII

214 510 420 543 FLACCI.

495 555 576 586 libro
593 557 614 587 i.

493 642 530 673 P.
546 642 760 673 VALERIUS
787 642 822 673 L.
849 643 884 674 F.
910 643 958 673 M.
975 643 1017 674 N.
1042 643 1244 674 FLACCUS.
1290 643 1416 681 Consul„

497 467 532 498 L.
550 469 764 500 VALERIUS
789 471 837 501 M.
862 471 896 501 F.
915 470 949 500 L.
973 469 1016 501 N.
1040 469 1243 501 FLACCUS.
1287 469 1419 511 Consul*

497 521 574 541 cum
590 514 629 543 T.
647 514 798 552 Otacilio,
822 524 909 544 anno
924 524 998 555 492.
1023 514 1232 544 Caffiodorus.
1260 514 1411 555 Polybius

951 600 964 630 1

494 694 572 715 curn
599 687 646 716 M.
663 687 776 723 Atilio,
801 696 887 716 anno
911 687 985 726 526.
1031 685 1239 716 Caffioclorus.
1285 687 1408 717 Gellius

442 764 445 767 ἱ
493 728 550 759 lib.
583 730 625 760 iv.
658 739 687 768 3.
735 730 835 759 Hune
866 730 1010 770 legatum
1047 730 1086 759 ad
1119 729 1315 760 Annibalem
1354 731 1411 760 Sa-

494 779 636 811 guntum
664 772 806 809 missum,
832 773 942 804 Cicero
966 773 1144 813 Philippica
1170 774 1284 813 quinta
1306 774 1409 804 osten-

494 815 551 846 dit.

845 904 971 937 π-Λ-κ

213 947 249 978 L.
265 945 480 978 VALERIUS
503 946 537 976 P.
562 945 595 976 F.
619 945 655 977 L.
676 946 719 976 N.
744 946 868 977 FLAC-

216 1001 296 1022 cus.
332 990 450 1021 Consul
475 999 553 1019 cum
578 989 626 1019 M.
642 989 868 1028 Porci0,anno

212 1036 287 1075 558.
341 1033 551 1064 Caffiodorus.
610 1033 669 1062 His
699 1043 780 1063 coss,
814 1033 866 1063 lex

211 1078 319 1117 Oppia
340 1077 503 1116 abrogata.
550 1076 656 1106 Livius
677 1076 733 1106 lib.
752 1078 866 1107 xxxiii.

211 1121 331 1151 Censor
354 1129 431 1150 cum
458 1120 506 1150 M.
534 1120 656 1155 Porcio,
683 1129 769 1148 anno
795 1121 867 1159 569.

211 1164 320 1197 Livius
336 1163 390 1193 lib.
408 1163 524 1193 xxxix.
570 1162 683 1192 Cicero
699 1164 730 1192 in
748 1162 871 1192 Catone

211 1214 244 1238 et
275 1207 384 1237 Bruto.
429 1206 575 1237 Valerius
607 1205 686 1235 libro
713 1206 747 1235 ii.
769 1212 801 1236 et
827 1206 869 1236 iv.

211 1259 281 1290 cap.
302 1258 331 1291 5.
537 1291 550 1321 l

212 1336 246 1370 1..
262 1335 477 1366 VALERIUS
502 1335 537 1364 L.
563 1335 597 1364 F.
619 1334 655 1365 P.
678 1334 720 1364 N.
747 1334 871 1364 FLAC-

213 1389 292 1410 cus.
317 1379 433 1409 Consul
453 1388 529 1408 cum
552 1378 599 1407 M.
617 1378 764 1414 Claudio,
783 1386 870 1407 anno

213 1424 287 1454 601.
334 1422 544 1452 Calliodorus.
587 1421 785 1460 Obsequens.
829 1421 869 1450 In

211 1466 395 1506 magistratu
412 1472 558 1495 mortuus
585 1466 639 1495 est.

211 1552 247 1582 L.
264 1550 478 1582 VALERIUS
503 1551 538 1580 L.
564 1551 597 1581 F.
623 1550 657 1580 L.
680 1550 723 1579 N.
745 1548 868 1579 FLAC-

215 1591 295 1626 ciis.
313 1595 446 1625 Flamen
472 1593 639 1623 Martialis.
656 1592 773 1622 Consul
791 1601 869 1622 cum

213 1633 252 1669 P.
273 1638 408 1671 Licinio,
432 1646 518 1666 anno
543 1638 615 1667 622.
662 1635 873 1666 Caffiodorus.

214 1682 330 1712 Cicero
346 1680 526 1720 Philippica
542 1679 727 1710 undecima.

955 947 991 977 C.
1016 946 1232 977 VALERIUS
1259 945 1293 978 P.
1318 947 1350 978 F.
1373 946 1409 979 L.

957 1000 991 1020 N.
1009 999 1176 1020 FLACCUS.
1203 990 1335 1020 Flamen
1351 991 1412 1020 Di-

954 1033 1012 1063 alis
1038 1040 1151 1072 eaptus
1179 1042 1197 1062 a
1223 1034 1255 1063 P.
1287 1034 1409 1064 Licinio

955 1076 1108 1116 pontifice
1137 1077 1295 1106 maximo.
1343 1077 1409 1107 Qui

957 1129 1034 1149 cum
1057 1119 1239 1149 dissolutam
1260 1126 1290 1149 et
1313 1119 1410 1150 luxu-

958 1163 1072 1192 riosam
1099 1162 1345 1192 adolescentiam
1377 1172 1411 1192 e—

956 1205 1057 1244 gaser,
1088 1212 1123 1234 ut
1153 1205 1303 1235 animum
1334 1215 1410 1236 cura

957 1249 1118 1278 sacrorum
1133 1249 1230 1287 cepit,
1242 1250 1285 1278 ita
1298 1258 1410 1287 repen-

957 1298 986 1321 te
1009 1293 1099 1322 exuit
1121 1292 1269 1330 antiquos
1291 1301 1408 1329 mores,

957 1341 992 1364 ut
1021 1343 1118 1364 nemo
1146 1340 1212 1364 tota
1237 1334 1409 1372 juventute

957 1377 1127 1408 haberetur
1164 1378 1257 1418 prior.
1302 1379 1410 1408 Livius

956 1420 1012 1450 lib.
1029 1421 1154 1451 xxxvii.
1171 1420 1313 1452 Valerius
1330 1420 1410 1452 libro

955 1473 998 1494 vi.
1016 1475 1047 1505 9.

1065 1768 1152 1796 paq

216 1812 251 1843 L.
268 1809 485 1841 VALERIUS
504 1808 537 1838 L.
556 1807 590 1838 F.
609 1807 643 1837 L.
660 1807 704 1837 N.
728 1805 930 1836 FLACCUS.
969 1805 1087 1836 Consul
1133 1806 1170 1836 C.
1197 1804 1412 1836 VALERIUS

216 1865 293 1890 cum
311 1855 346 1884 C.
368 1853 482 1887 Mario,
503 1860 590 1881 anno
606 1852 679 1890 653.
726 1850 938 1880 Caffiodorus.
975 1849 1088 1878 Cicero
1135 1858 1164 1878 L.
1181 1858 1207 1879 F.
1221 1858 1250 1879 1..
1265 1859 1299 1880 N.
1311 1858 1413 1879 FLAC-

217 1908 273 1939 pro
290 1898 327 1927 C.
343 1896 473 1926 Rabirio
489 1893 641 1934 perduell.
667 1902 721 1932 pro
746 1893 887 1923 Plancio.
934 1891 1090 1922 Asconius
1135 1900 1213 1921 cus.
1243 1891 1316 1921 Cos.
1333 1901 1413 1923 cum

217 1943 252 1971 in
277 1940 517 1971 Cornelianarm
545 1937 598 1965 ubi
624 1936 659 1965 C.
688 1936 837 1965 mendose
858 1936 1013 1974 scriptum
1037 1936 1090 1964 est.
1137 1934 1184 1964 M.
1236 1935 1413 1970 Herennio,

220 1983 374 2015 Meminit
390 1981 510 2011 Plinius
526 1980 582 2009 lib.
599 1979 631 2007 ii.
651 1988 701 2017 34.
724 1979 843 2008 Censor
862 1987 938 2007 cum
958 1978 1005 2007 M.
1020 1978 1087 2007 An·
1132 1986 1218 2006 anno
1236 1979 1308 2008 660.
1340 1977 1414 2007 Cas-

219 2027 324 2061 tonio‚
349 2034 434 2054 anno
459 2024 532 2063 656.
578 2021 722 2053 Valerius
746 2021 801 2051 lib.
819 2021 850 2051 ii.
873 2030 905 2059 4.
950 2020 1020 2050 Cos.
1042 2029 1086 2054 ιι,
1131 2020 1282 2051 ssodnrus.
1316 2019 1415 2050 Obse-

221 2079 299 2100 cum
325 2069 358 2098 L.
376 2068 537 2099 Cornelio,
560 2074 646 2094 anno
664 2065 736 2101 667.
774 2063 982 2093 Caffiodorus.
1006 2063 1035 2093 A
1050 2062 1087 2094 C.
1132 2072 1244 2100 quens.
1290 2062 1413 2094 Plinius

222 2112 363 2144 Fimbria
379 2111 482 2148 legato
504 2109 624 2138 occisus
640 2108 693 2136 est.
718 2106 855 2137 Velleius
872 2106 927 2136 lib.
944 2106 975 2135 ii.
1006 2106 1091 2135 Stra·
1135 2105 1213 2136 libro
1229 2105 1296 2147 xix.
1315 2115 1346 2146 3.

219 2156 264 2185 bo
280 2156 335 2186 lib.
354 2154 422 2184 xiii.
442 2153 590 2191 Epitoma
606 2150 722 2180 lxxxii.

655 2193 667 2222 1

224 2241 259 2271 1..
275 2236 489 2269 VALERlUS
506 2236 541 2267 L.
559 2236 593 2266 F.
612 2235 644 2265 L.
662 2235 705 2265 N.
724 2233 926 2264 FLACCUS.
962 2233 1089 2270 Praetor,

222 2282 343 2316 Tullio,
360 2281 501 2311 Antonio
514 2288 595 2308 eozs.
613 2287 699 2308 anno
716 2279 789 2315 690.
818 2277 862 2306 Ex
881 2282 1027 2314 praetura,
1046 2277 1091 2305 A-

225 2327 303 2356 fiam
321 2323 519 2363 provinciam
539 2321 692 2355 obtinuit.
712 2320 960 2360 repetundarum
985 2319 1090 2357 postu-

223 2370 320 2404 latus„
337 2377 355 2397 a
371 2367 523 2396 Cicerone
539 2365 581 2394 est
595 2364 749 2395 defensus.
786 2362 905 2394 'Cicero
928 2370 983 2402 pro
1001 2360 1091 2393 flac-

223 2421 276 2450 co,
292 2418 324 2443 et
341 2411 374 2442 iu
390 2408 573 2440 Catilinam.

1560 2038 1572 2192 ‚¹3
