<?xml version="1.0" encoding="UTF-8"?>
<!DOCTYPE html PUBLIC "-//W3C//DTD XHTML 1.0 Transitional//EN"
    "http://www.w3.org/TR/xhtml1/DTD/xhtml1-transitional.dtd">
<html xmlns="http://www.w3.org/1999/xhtml" xml:lang="en" lang="en">
 <head>
  <title>
</title>
<meta http-equiv="Content-Type" content="text/html;charset=utf-8" />
  <meta name='ocr-system' content='tesseract 3.04.00' />
  <meta name='ocr-capabilities' content='ocr_page ocr_carea ocr_par ocr_line ocrx_word'/>
</head>
<body>
  <div class='ocr_page' id='page_1' title='image "./historiarumquaes05livyuoft_0423.png"; bbox 0 0 1572 2616; ppageno 0'>
   <div class='ocr_carea' id='block_1_1' title="bbox 476 116 966 155">
    <p class='ocr_par' dir='ltr' id='par_1_1' title="bbox 476 116 966 155">
     <span class='ocr_line' id='line_1_1' title="bbox 476 116 966 155; baseline -0.006 0"><span class='ocrx_word' id='word_1_1' title='bbox 476 121 710 155; x_wconf 65' lang='lat' dir='ltr'><strong>PLEBmAE</strong></span> <span class='ocrx_word' id='word_1_2' title='bbox 747 116 966 155; x_wconf 62' lang='lat' dir='ltr'><strong>cmvi-es.</strong></span> 
     </span>
    </p>
   </div>
   <div class='ocr_carea' id='block_1_2' title="bbox 115 205 512 2351">
    <p class='ocr_par' dir='ltr' id='par_1_2' title="bbox 115 205 509 1020">
     <span class='ocr_line' id='line_1_2' title="bbox 120 205 508 238; baseline -0.005 -1"><span class='ocrx_word' id='word_1_3' title='bbox 120 207 151 237; x_wconf 81' lang='lat' dir='ltr'><strong>in</strong></span> <span class='ocrx_word' id='word_1_4' title='bbox 169 206 253 238; x_wconf 83' lang='lat' dir='ltr'><strong>Afia.</strong></span> <span class='ocrx_word' id='word_1_5' title='bbox 292 205 435 237; x_wconf 77' lang='lat' dir='ltr'><strong>Valerius</strong></span> <span class='ocrx_word' id='word_1_6' title='bbox 451 205 508 236; x_wconf 89' lang='lat' dir='ltr'><strong>l&#39;ib.</strong></span> 
     </span>
     <span class='ocr_line' id='line_1_3' title="bbox 118 249 508 290; baseline 0 -12"><span class='ocrx_word' id='word_1_7' title='bbox 118 251 185 281; x_wconf 78' lang='lat' dir='ltr'><strong>viii.</strong></span> <span class='ocrx_word' id='word_1_8' title='bbox 204 259 232 287; x_wconf 82' lang='lat'><strong>7.</strong></span> <span class='ocrx_word' id='word_1_9' title='bbox 278 250 426 290; x_wconf 82' lang='lat' dir='ltr'><strong>Epitome</strong></span> <span class='ocrx_word' id='word_1_10' title='bbox 449 249 508 279; x_wconf 78' lang='lat' dir='ltr'><strong>lix.</strong></span> 
     </span>
     <span class='ocr_line' id='line_1_4' title="bbox 118 292 508 323; baseline -0.003 0"><span class='ocrx_word' id='word_1_11' title='bbox 118 292 260 323; x_wconf 80' lang='lat' dir='ltr'><strong>Velleius</strong></span> <span class='ocrx_word' id='word_1_12' title='bbox 289 293 370 323; x_wconf 90' lang='lat' dir='ltr'><strong>libro</strong></span> <span class='ocrx_word' id='word_1_13' title='bbox 401 293 433 323; x_wconf 86' lang='lat' dir='ltr'><strong>ii.</strong></span> <span class='ocrx_word' id='word_1_14' title='bbox 468 292 508 322; x_wconf 87' lang='lat' dir='ltr'><strong>ab</strong></span> 
     </span>
     <span class='ocr_line' id='line_1_5' title="bbox 118 336 507 366; baseline 0 -1"><span class='ocrx_word' id='word_1_15' title='bbox 118 337 298 366; x_wconf 85' lang='lat' dir='ltr'><strong>Aristonico</strong></span> <span class='ocrx_word' id='word_1_16' title='bbox 365 336 507 365; x_wconf 68' lang='lat' dir='ltr'><strong>occisum</strong></span> 
     </span>
     <span class='ocr_line' id='line_1_6' title="bbox 118 379 507 416; baseline 0.003 -8"><span class='ocrx_word' id='word_1_17' title='bbox 118 379 235 409; x_wconf 81' lang='lat' dir='ltr'>scribit.</span> <span class='ocrx_word' id='word_1_18' title='bbox 281 380 402 416; x_wconf 78' lang='lat' dir='ltr'><strong>Livius,</strong></span> <span class='ocrx_word' id='word_1_19' title='bbox 415 385 451 409; x_wconf 85' lang='lat' dir='ltr'><strong>ut</strong></span> <span class='ocrx_word' id='word_1_20' title='bbox 463 380 507 409; x_wconf 88' lang='lat' dir='ltr'><strong>est</strong></span> 
     </span>
     <span class='ocr_line' id='line_1_7' title="bbox 118 421 506 461; baseline 0.003 -10"><span class='ocrx_word' id='word_1_21' title='bbox 118 421 152 451; x_wconf 87' lang='lat' dir='ltr'><strong>in</strong></span> <span class='ocrx_word' id='word_1_22' title='bbox 191 422 341 461; x_wconf 86' lang='lat' dir='ltr'><strong>Epitoma</strong></span> <span class='ocrx_word' id='word_1_23' title='bbox 377 422 432 452; x_wconf 88' lang='lat' dir='ltr'><strong>lix.</strong></span> <span class='ocrx_word' id='word_1_24' title='bbox 472 422 506 452; x_wconf 86' lang='lat' dir='ltr'><strong>in</strong></span> 
     </span>
     <span class='ocr_line' id='line_1_8' title="bbox 117 464 506 504; baseline 0.003 -10"><span class='ocrx_word' id='word_1_25' title='bbox 117 464 230 504; x_wconf 85' lang='lat' dir='ltr'><strong>proelio</strong></span> <span class='ocrx_word' id='word_1_26' title='bbox 264 465 409 495; x_wconf 73' lang='lat' dir='ltr'><strong>cecidisse</strong></span> <span class='ocrx_word' id='word_1_27' title='bbox 446 472 506 495; x_wconf 87' lang='lat' dir='ltr'><strong>tra-</strong></span> 
     </span>
     <span class='ocr_line' id='line_1_9' title="bbox 117 507 507 538; baseline 0.003 -1"><span class='ocrx_word' id='word_1_28' title='bbox 117 507 175 538; x_wconf 86' lang='lat' dir='ltr'><strong>dit.</strong></span> <span class='ocrx_word' id='word_1_29' title='bbox 222 508 306 538; x_wconf 89' lang='lat' dir='ltr'><strong>Eum</strong></span> <span class='ocrx_word' id='word_1_30' title='bbox 331 508 444 538; x_wconf 81' lang='lat' dir='ltr'><strong>Strabo</strong></span> <span class='ocrx_word' id='word_1_31' title='bbox 463 509 507 538; x_wconf 85' lang='lat' dir='ltr'><strong>est</strong></span> 
     </span>
     <span class='ocr_line' id='line_1_10' title="bbox 116 551 507 581; baseline 0.003 -1"><span class='ocrx_word' id='word_1_32' title='bbox 116 551 244 580; x_wconf 86' lang='lat' dir='ltr'><strong>secutus</strong></span> <span class='ocrx_word' id='word_1_33' title='bbox 274 551 354 581; x_wconf 78' lang='lat' dir='ltr'><strong>libro</strong></span> <span class='ocrx_word' id='word_1_34' title='bbox 383 552 449 581; x_wconf 82' lang='lat' dir='ltr'><strong>xiv.</strong></span> <span class='ocrx_word' id='word_1_35' title='bbox 475 558 507 581; x_wconf 89' lang='lat' dir='ltr'><strong>et</strong></span> 
     </span>
     <span class='ocr_line' id='line_1_11' title="bbox 117 593 508 633; baseline 0.003 -10"><span class='ocrx_word' id='word_1_36' title='bbox 117 593 288 633; x_wconf 81' lang='lat' dir='ltr'>Eutropius</span> <span class='ocrx_word' id='word_1_37' title='bbox 303 594 358 624; x_wconf 80' lang='lat' dir='ltr'><strong>lib.</strong></span> <span class='ocrx_word' id='word_1_38' title='bbox 377 595 418 624; x_wconf 84' lang='lat' dir='ltr'><strong>iv.</strong></span> <span class='ocrx_word' id='word_1_39' title='bbox 444 594 508 624; x_wconf 86' lang='lat' dir='ltr'><strong>Va-</strong></span> 
     </span>
     <span class='ocr_line' id='line_1_12' title="bbox 115 635 508 669; baseline 0.005 -3"><span class='ocrx_word' id='word_1_40' title='bbox 115 635 210 666; x_wconf 86' lang='lat' dir='ltr'><strong>lerius</strong></span> <span class='ocrx_word' id='word_1_41' title='bbox 223 646 297 667; x_wconf 92' lang='lat' dir='ltr'><strong>vero</strong></span> <span class='ocrx_word' id='word_1_42' title='bbox 317 637 398 667; x_wconf 90' lang='lat' dir='ltr'><strong>libro</strong></span> <span class='ocrx_word' id='word_1_43' title='bbox 415 638 458 667; x_wconf 93' lang='lat' dir='ltr'><strong>iii.</strong></span> <span class='ocrx_word' id='word_1_44' title='bbox 476 648 508 669; x_wconf 87' lang='lat'><strong>2.</strong></span> 
     </span>
     <span class='ocr_line' id='line_1_13' title="bbox 115 679 507 719; baseline 0.003 -10"><span class='ocrx_word' id='word_1_45' title='bbox 115 689 133 709; x_wconf 86' lang='lat' dir='ltr'><strong>a</strong></span> <span class='ocrx_word' id='word_1_46' title='bbox 147 679 282 710; x_wconf 87' lang='lat' dir='ltr'><strong>barbaro</strong></span> <span class='ocrx_word' id='word_1_47' title='bbox 296 681 439 719; x_wconf 86' lang='lat' dir='ltr'><strong>quodam</strong></span> <span class='ocrx_word' id='word_1_48' title='bbox 452 690 507 710; x_wconf 91' lang='lat' dir='ltr'><strong>oc-</strong></span> 
     </span>
     <span class='ocr_line' id='line_1_14' title="bbox 115 723 509 754; baseline 0.005 -2"><span class='ocrx_word' id='word_1_49' title='bbox 115 723 220 753; x_wconf 76' lang='lat' dir='ltr'><strong>cisum</strong></span> <span class='ocrx_word' id='word_1_50' title='bbox 239 723 341 753; x_wconf 81' lang='lat' dir='ltr'><strong>refert.</strong></span> <span class='ocrx_word' id='word_1_51' title='bbox 388 724 509 754; x_wconf 90' lang='lat' dir='ltr'><strong>Memi-</strong></span> 
     </span>
     <span class='ocr_line' id='line_1_15' title="bbox 115 766 507 806; baseline 0.005 -10"><span class='ocrx_word' id='word_1_52' title='bbox 115 766 164 796; x_wconf 86' lang='lat' dir='ltr'><strong>nit</strong></span> <span class='ocrx_word' id='word_1_53' title='bbox 181 766 304 797; x_wconf 85' lang='lat' dir='ltr'><strong>Gellius</strong></span> <span class='ocrx_word' id='word_1_54' title='bbox 319 766 401 796; x_wconf 90' lang='lat' dir='ltr'><strong>libro</strong></span> <span class='ocrx_word' id='word_1_55' title='bbox 417 767 438 798; x_wconf 85' lang='lat' dir='ltr'><strong>i.</strong></span> <span class='ocrx_word' id='word_1_56' title='bbox 458 776 507 806; x_wconf 86' lang='lat'><strong>13.</strong></span> 
     </span>
     <span class='ocr_line' id='line_1_16' title="bbox 116 808 506 840; baseline 0.003 -1"><span class='ocrx_word' id='word_1_57' title='bbox 116 808 230 839; x_wconf 90' lang='lat' dir='ltr'><strong>Cicero</strong></span> <span class='ocrx_word' id='word_1_58' title='bbox 280 810 313 839; x_wconf 87' lang='lat' dir='ltr'><strong>in</strong></span> <span class='ocrx_word' id='word_1_59' title='bbox 364 810 506 840; x_wconf 88' lang='lat' dir='ltr'><strong>Catone:</strong></span> 
     </span>
     <span class='ocr_line' id='line_1_17' title="bbox 116 851 507 884; baseline 0.005 -2"><span class='ocrx_word' id='word_1_60' title='bbox 116 851 242 882; x_wconf 88' lang='lat' dir='ltr'><strong>Bruto:</strong></span> <span class='ocrx_word' id='word_1_61' title='bbox 266 852 305 882; x_wconf 89' lang='lat' dir='ltr'><strong>de</strong></span> <span class='ocrx_word' id='word_1_62' title='bbox 331 853 462 883; x_wconf 81' lang='lat' dir='ltr'><strong>Oratore</strong></span> <span class='ocrx_word' id='word_1_63' title='bbox 487 853 507 884; x_wconf 87' lang='lat' dir='ltr'><strong>i.</strong></span> 
     </span>
     <span class='ocr_line' id='line_1_18' title="bbox 117 895 508 926; baseline 0.003 -1"><span class='ocrx_word' id='word_1_64' title='bbox 117 895 158 925; x_wconf 76' lang='lat' dir='ltr'><strong>ad</strong></span> <span class='ocrx_word' id='word_1_65' title='bbox 180 895 329 926; x_wconf 88' lang='lat' dir='ltr'><strong>Atticum</strong></span> <span class='ocrx_word' id='word_1_66' title='bbox 346 905 377 926; x_wconf 88' lang='lat' dir='ltr'><strong>v.</strong></span> <span class='ocrx_word' id='word_1_67' title='bbox 412 897 508 926; x_wconf 86' lang='lat' dir='ltr'><strong>Pom-</strong></span> 
     </span>
     <span class='ocr_line' id='line_1_19' title="bbox 117 938 509 978; baseline 0.005 -11"><span class='ocrx_word' id='word_1_68' title='bbox 117 939 235 978; x_wconf 85' lang='lat' dir='ltr'><strong>ponius</strong></span> <span class='ocrx_word' id='word_1_69' title='bbox 251 938 306 969; x_wconf 90' lang='lat' dir='ltr'><strong>lib.</strong></span> <span class='ocrx_word' id='word_1_70' title='bbox 325 939 356 969; x_wconf 90' lang='lat' dir='ltr'><strong>ii.</strong></span> <span class='ocrx_word' id='word_1_71' title='bbox 376 939 416 969; x_wconf 92' lang='lat' dir='ltr'><strong>de</strong></span> <span class='ocrx_word' id='word_1_72' title='bbox 437 940 509 969; x_wconf 90' lang='lat' dir='ltr'><strong>Ori-</strong></span> 
     </span>
     <span class='ocr_line' id='line_1_20' title="bbox 116 980 296 1020; baseline 0.017 -11"><span class='ocrx_word' id='word_1_73' title='bbox 116 981 191 1020; x_wconf 83' lang='lat' dir='ltr'><strong>gine</strong></span> <span class='ocrx_word' id='word_1_74' title='bbox 203 980 296 1018; x_wconf 90' lang='lat' dir='ltr'><strong>juris.</strong></span> 
     </span>
    </p>

    <p class='ocr_par' dir='ltr' id='par_1_3' title="bbox 117 1066 512 2351">
     <span class='ocr_line' id='line_1_21' title="bbox 118 1066 507 1098; baseline 0.003 -2"><span class='ocrx_word' id='word_1_75' title='bbox 118 1066 154 1096; x_wconf 82' lang='lat' dir='ltr'><strong>L.</strong></span> <span class='ocrx_word' id='word_1_76' title='bbox 182 1066 374 1097; x_wconf 87' lang='lat' dir='ltr'><strong>LlClNIUS</strong></span> <span class='ocrx_word' id='word_1_77' title='bbox 406 1067 439 1097; x_wconf 90' lang='lat' dir='ltr'><strong>P.</strong></span> <span class='ocrx_word' id='word_1_78' title='bbox 472 1067 507 1098; x_wconf 77' lang='lat' dir='ltr'><strong>F.</strong></span> 
     </span>
     <span class='ocr_line' id='line_1_22' title="bbox 119 1110 509 1140; baseline -0.003 0"><span class='ocrx_word' id='word_1_79' title='bbox 119 1118 148 1139; x_wconf 73' lang='grc' dir='ltr'><strong>Ρ.</strong></span> <span class='ocrx_word' id='word_1_80' title='bbox 175 1120 208 1140; x_wconf 74' lang='grc' dir='ltr'><strong>Ν.</strong></span> <span class='ocrx_word' id='word_1_81' title='bbox 237 1119 403 1140; x_wconf 68' lang='lat' dir='ltr'><strong>emissus.</strong></span> <span class='ocrx_word' id='word_1_82' title='bbox 437 1110 509 1140; x_wconf 89' lang='lat' dir='ltr'><strong>Tri-</strong></span> 
     </span>
     <span class='ocr_line' id='line_1_23' title="bbox 117 1152 509 1193; baseline 0 -11"><span class='ocrx_word' id='word_1_83' title='bbox 117 1152 226 1183; x_wconf 86' lang='lat' dir='ltr'><strong>bunus</strong></span> <span class='ocrx_word' id='word_1_84' title='bbox 250 1153 364 1193; x_wconf 83' lang='lat' dir='ltr'><strong>plebis,</strong></span> <span class='ocrx_word' id='word_1_85' title='bbox 391 1153 509 1190; x_wconf 85' lang='lat' dir='ltr'><strong>Mario,</strong></span> 
     </span>
     <span class='ocr_line' id='line_1_24' title="bbox 117 1195 510 1227; baseline 0 -1"><span class='ocrx_word' id='word_1_86' title='bbox 117 1195 221 1226; x_wconf 83' lang='lat' dir='ltr'><strong>Caffio</strong></span> <span class='ocrx_word' id='word_1_87' title='bbox 237 1196 432 1227; x_wconf 84' lang='lat' dir='ltr'><strong>consulibus.</strong></span> <span class='ocrx_word' id='word_1_88' title='bbox 456 1197 510 1226; x_wconf 93' lang='lat' dir='ltr'><strong>Ci-</strong></span> 
     </span>
     <span class='ocr_line' id='line_1_25' title="bbox 118 1240 510 1269; baseline 0.003 -1"><span class='ocrx_word' id='word_1_89' title='bbox 118 1247 192 1268; x_wconf 88' lang='lat' dir='ltr'><strong>cero</strong></span> <span class='ocrx_word' id='word_1_90' title='bbox 221 1240 254 1269; x_wconf 90' lang='lat' dir='ltr'><strong>in</strong></span> <span class='ocrx_word' id='word_1_91' title='bbox 286 1240 395 1269; x_wconf 79' lang='lat' dir='ltr'><strong>Bruto.</strong></span> <span class='ocrx_word' id='word_1_92' title='bbox 451 1240 510 1269; x_wconf 85' lang='lat' dir='ltr'><strong>AE-</strong></span> 
     </span>
     <span class='ocr_line' id='line_1_26' title="bbox 117 1281 511 1312; baseline 0.003 -2"><span class='ocrx_word' id='word_1_93' title='bbox 117 1281 191 1311; x_wconf 89' lang='lat' dir='ltr'><strong>dilis</strong></span> <span class='ocrx_word' id='word_1_94' title='bbox 221 1282 353 1312; x_wconf 84' lang='lat' dir='ltr'><strong>curulis.</strong></span> <span class='ocrx_word' id='word_1_95' title='bbox 398 1281 511 1311; x_wconf 90' lang='lat' dir='ltr'><strong>Cicero</strong></span> 
     </span>
     <span class='ocr_line' id='line_1_27' title="bbox 118 1324 510 1355; baseline 0.003 -2"><span class='ocrx_word' id='word_1_96' title='bbox 118 1324 158 1353; x_wconf 91' lang='lat' dir='ltr'><strong>de</strong></span> <span class='ocrx_word' id='word_1_97' title='bbox 195 1324 321 1354; x_wconf 87' lang='lat' dir='ltr'><strong>Officiis</strong></span> <span class='ocrx_word' id='word_1_98' title='bbox 359 1325 510 1355; x_wconf 90' lang='lat' dir='ltr'><strong>secundo.</strong></span> 
     </span>
     <span class='ocr_line' id='line_1_28' title="bbox 119 1366 510 1398; baseline 0.003 -1"><span class='ocrx_word' id='word_1_99' title='bbox 119 1366 238 1397; x_wconf 90' lang='lat' dir='ltr'><strong>Consul</strong></span> <span class='ocrx_word' id='word_1_100' title='bbox 266 1377 342 1398; x_wconf 90' lang='lat' dir='ltr'><strong>cum</strong></span> <span class='ocrx_word' id='word_1_101' title='bbox 369 1368 410 1397; x_wconf 80' lang='grc' dir='ltr'><strong>Ο..</strong></span> <span class='ocrx_word' id='word_1_102' title='bbox 436 1367 510 1398; x_wconf 92' lang='lat' dir='ltr'><strong>Mu-</strong></span> 
     </span>
     <span class='ocr_line' id='line_1_29' title="bbox 117 1410 512 1450; baseline 0 -10"><span class='ocrx_word' id='word_1_103' title='bbox 117 1410 183 1446; x_wconf 91' lang='lat' dir='ltr'><strong>cio,</strong></span> <span class='ocrx_word' id='word_1_104' title='bbox 201 1419 288 1440; x_wconf 89' lang='lat' dir='ltr'><strong>anno</strong></span> <span class='ocrx_word' id='word_1_105' title='bbox 304 1411 378 1450; x_wconf 86' lang='lat'><strong>658.</strong></span> <span class='ocrx_word' id='word_1_106' title='bbox 419 1410 512 1440; x_wconf 89' lang='lat' dir='ltr'><strong>Cice-</strong></span> 
     </span>
     <span class='ocr_line' id='line_1_30' title="bbox 119 1453 509 1484; baseline 0.003 -1"><span class='ocrx_word' id='word_1_107' title='bbox 119 1462 153 1483; x_wconf 87' lang='lat' dir='ltr'><strong>ro</strong></span> <span class='ocrx_word' id='word_1_108' title='bbox 170 1453 202 1482; x_wconf 90' lang='lat' dir='ltr'><strong>in</strong></span> <span class='ocrx_word' id='word_1_109' title='bbox 221 1454 328 1484; x_wconf 89' lang='lat' dir='ltr'><strong>Bruto.</strong></span> <span class='ocrx_word' id='word_1_110' title='bbox 367 1453 509 1484; x_wconf 85' lang='lat' dir='ltr'><strong>Galliam</strong></span> 
     </span>
     <span class='ocr_line' id='line_1_31' title="bbox 119 1496 509 1535; baseline 0 -9"><span class='ocrx_word' id='word_1_111' title='bbox 119 1496 287 1535; x_wconf 87' lang='lat' dir='ltr'><strong>proconsul</strong></span> <span class='ocrx_word' id='word_1_112' title='bbox 311 1497 509 1526; x_wconf 86' lang='lat' dir='ltr'><strong>administra-</strong></span> 
     </span>
     <span class='ocr_line' id='line_1_32' title="bbox 118 1539 509 1578; baseline 0.005 -11"><span class='ocrx_word' id='word_1_113' title='bbox 118 1539 188 1577; x_wconf 76' lang='lat' dir='ltr'><strong>vit;</strong></span> <span class='ocrx_word' id='word_1_114' title='bbox 227 1549 330 1578; x_wconf 88' lang='lat' dir='ltr'><strong>quum</strong></span> <span class='ocrx_word' id='word_1_115' title='bbox 371 1539 509 1569; x_wconf 87' lang='lat' dir='ltr'><strong>latrones</strong></span> 
     </span>
     <span class='ocr_line' id='line_1_33' title="bbox 119 1582 508 1621; baseline 0.003 -10"><span class='ocrx_word' id='word_1_116' title='bbox 119 1582 319 1621; x_wconf 85' lang='lat' dir='ltr'><strong>provinciam</strong></span> <span class='ocrx_word' id='word_1_117' title='bbox 363 1583 508 1612; x_wconf 84' lang='lat' dir='ltr'><strong>infestam</strong></span> 
     </span>
     <span class='ocr_line' id='line_1_34' title="bbox 118 1625 508 1662; baseline 0.003 -8"><span class='ocrx_word' id='word_1_118' title='bbox 118 1625 285 1655; x_wconf 77' lang='lat' dir='ltr'><strong>reddentes</strong></span> <span class='ocrx_word' id='word_1_119' title='bbox 315 1625 508 1662; x_wconf 74' lang='lat' dir='ltr'><strong>confecisset,</strong></span> 
     </span>
     <span class='ocr_line' id='line_1_35' title="bbox 119 1667 511 1707; baseline 0.003 -11"><span class='ocrx_word' id='word_1_120' title='bbox 119 1667 324 1706; x_wconf 84' lang='lat' dir='ltr'><strong>triumphum</strong></span> <span class='ocrx_word' id='word_1_121' title='bbox 343 1669 446 1707; x_wconf 81' lang='lat' dir='ltr'><strong>petiit,</strong></span> <span class='ocrx_word' id='word_1_122' title='bbox 462 1669 511 1697; x_wconf 90' lang='lat' dir='ltr'><strong>in-</strong></span> 
     </span>
     <span class='ocr_line' id='line_1_36' title="bbox 119 1710 509 1741; baseline 0.003 -2"><span class='ocrx_word' id='word_1_123' title='bbox 119 1711 300 1740; x_wconf 71' lang='lat' dir='ltr'><strong>tercedente</strong></span> <span class='ocrx_word' id='word_1_124' title='bbox 366 1710 509 1741; x_wconf 61' lang='lat' dir='ltr'><strong>Scaevola</strong></span> 
     </span>
     <span class='ocr_line' id='line_1_37' title="bbox 120 1754 511 1784; baseline 0.003 -2"><span class='ocrx_word' id='word_1_125' title='bbox 120 1763 186 1783; x_wconf 87' lang='lat' dir='ltr'><strong>non</strong></span> <span class='ocrx_word' id='word_1_126' title='bbox 203 1754 353 1784; x_wconf 75' lang='lat' dir='ltr'>obtinuit.</span> <span class='ocrx_word' id='word_1_127' title='bbox 399 1754 511 1783; x_wconf 79' lang='lat' dir='ltr'><strong>Cicero</strong></span> 
     </span>
     <span class='ocr_line' id='line_1_38' title="bbox 120 1795 511 1827; baseline 0 -1"><span class='ocrx_word' id='word_1_128' title='bbox 120 1795 201 1826; x_wconf 75' lang='lat' dir='ltr'><strong>libro</strong></span> <span class='ocrx_word' id='word_1_129' title='bbox 240 1797 259 1826; x_wconf 91' lang='lat' dir='ltr'><strong>i.</strong></span> <span class='ocrx_word' id='word_1_130' title='bbox 323 1797 511 1827; x_wconf 75' lang='lat' dir='ltr'><strong>Rhetorice-</strong></span> 
     </span>
     <span class='ocr_line' id='line_1_39' title="bbox 121 1839 509 1876; baseline 0 -7"><span class='ocrx_word' id='word_1_131' title='bbox 121 1848 216 1869; x_wconf 85' lang='lat' dir='ltr'><strong>rum:</strong></span> <span class='ocrx_word' id='word_1_132' title='bbox 242 1839 274 1869; x_wconf 84' lang='lat' dir='ltr'><strong>in</strong></span> <span class='ocrx_word' id='word_1_133' title='bbox 299 1839 457 1876; x_wconf 85' lang='lat' dir='ltr'><strong>Pisonem,</strong></span> <span class='ocrx_word' id='word_1_134' title='bbox 479 1846 509 1869; x_wconf 85' lang='lat' dir='ltr'><strong>et</strong></span> 
     </span>
     <span class='ocr_line' id='line_1_40' title="bbox 120 1882 509 1912; baseline 0.003 -1"><span class='ocrx_word' id='word_1_135' title='bbox 120 1882 287 1912; x_wconf 84' lang='lat' dir='ltr'><strong>Asconius.</strong></span> <span class='ocrx_word' id='word_1_136' title='bbox 305 1882 422 1912; x_wconf 78' lang='lat' dir='ltr'><strong>Censor</strong></span> <span class='ocrx_word' id='word_1_137' title='bbox 433 1892 509 1912; x_wconf 88' lang='lat' dir='ltr'><strong>curn</strong></span> 
     </span>
     <span class='ocr_line' id='line_1_41' title="bbox 120 1924 511 1962; baseline 0.003 -8"><span class='ocrx_word' id='word_1_138' title='bbox 120 1924 182 1954; x_wconf 90' lang='lat' dir='ltr'><strong>Cn.</strong></span> <span class='ocrx_word' id='word_1_139' title='bbox 220 1926 379 1962; x_wconf 88' lang='lat' dir='ltr'><strong>Domitio,</strong></span> <span class='ocrx_word' id='word_1_140' title='bbox 424 1934 511 1955; x_wconf 89' lang='lat' dir='ltr'><strong>anno</strong></span> 
     </span>
     <span class='ocr_line' id='line_1_42' title="bbox 122 1968 511 1998; baseline 0.003 -1"><span class='ocrx_word' id='word_1_141' title='bbox 122 1969 196 1998; x_wconf 82' lang='lat'><strong>661.</strong></span> <span class='ocrx_word' id='word_1_142' title='bbox 243 1969 354 1998; x_wconf 88' lang='lat' dir='ltr'><strong>Cicero</strong></span> <span class='ocrx_word' id='word_1_143' title='bbox 385 1968 439 1998; x_wconf 87' lang='lat' dir='ltr'><strong>lib.</strong></span> <span class='ocrx_word' id='word_1_144' title='bbox 473 1969 511 1998; x_wconf 87' lang='lat' dir='ltr'><strong>de</strong></span> 
     </span>
     <span class='ocr_line' id='line_1_43' title="bbox 121 2010 510 2041; baseline 0 -1"><span class='ocrx_word' id='word_1_145' title='bbox 121 2011 254 2040; x_wconf 79' lang='lat' dir='ltr'><strong>Oratore</strong></span> <span class='ocrx_word' id='word_1_146' title='bbox 272 2012 302 2041; x_wconf 88' lang='lat' dir='ltr'><strong>ii.</strong></span> <span class='ocrx_word' id='word_1_147' title='bbox 320 2011 439 2041; x_wconf 80' lang='lat' dir='ltr'><strong>Plinius</strong></span> <span class='ocrx_word' id='word_1_148' title='bbox 455 2010 510 2041; x_wconf 92' lang='lat' dir='ltr'><strong>lib.</strong></span> 
     </span>
     <span class='ocr_line' id='line_1_44' title="bbox 122 2054 510 2084; baseline 0.005 -2"><span class='ocrx_word' id='word_1_149' title='bbox 122 2055 199 2083; x_wconf 88' lang='lat' dir='ltr'><strong>xvii.</strong></span> <span class='ocrx_word' id='word_1_150' title='bbox 238 2054 451 2084; x_wconf 87' lang='lat' dir='ltr'><strong>Valeriuslib.</strong></span> <span class='ocrx_word' id='word_1_151' title='bbox 469 2054 510 2084; x_wconf 89' lang='lat' dir='ltr'><strong>ix.</strong></span> 
     </span>
     <span class='ocr_line' id='line_1_45' title="bbox 126 2096 511 2127; baseline 0.003 -2"><span class='ocrx_word' id='word_1_152' title='bbox 126 2105 154 2125; x_wconf 80' lang='grc' dir='ltr'><strong>ι.</strong></span> <span class='ocrx_word' id='word_1_153' title='bbox 211 2096 394 2127; x_wconf 84' lang='lat' dir='ltr'><strong>Macrobius</strong></span> <span class='ocrx_word' id='word_1_154' title='bbox 432 2097 511 2127; x_wconf 88' lang='lat' dir='ltr'><strong>libro</strong></span> 
     </span>
     <span class='ocr_line' id='line_1_46' title="bbox 124 2138 510 2180; baseline 0.008 -13"><span class='ocrx_word' id='word_1_155' title='bbox 124 2138 167 2167; x_wconf 88' lang='lat' dir='ltr'><strong>iii.</strong></span> <span class='ocrx_word' id='word_1_156' title='bbox 214 2139 342 2169; x_wconf 88' lang='lat' dir='ltr'><strong>Saturn.</strong></span> <span class='ocrx_word' id='word_1_157' title='bbox 366 2149 436 2179; x_wconf 86' lang='lat' dir='ltr'><strong>cap.</strong></span> <span class='ocrx_word' id='word_1_158' title='bbox 462 2149 510 2180; x_wconf 80' lang='lat'><strong>¹5·</strong></span> 
     </span>
     <span class='ocr_line' id='line_1_47' title="bbox 125 2180 511 2222; baseline 0.005 -12"><span class='ocrx_word' id='word_1_159' title='bbox 125 2180 237 2211; x_wconf 73' lang='lat' dir='ltr'><strong>Ouum</strong></span> <span class='ocrx_word' id='word_1_160' title='bbox 267 2182 298 2211; x_wconf 90' lang='lat' dir='ltr'><strong>in</strong></span> <span class='ocrx_word' id='word_1_161' title='bbox 327 2182 511 2222; x_wconf 84' lang='lat' dir='ltr'><strong>Philippum</strong></span> 
     </span>
     <span class='ocr_line' id='line_1_48' title="bbox 124 2224 512 2264; baseline 0.005 -11"><span class='ocrx_word' id='word_1_162' title='bbox 124 2233 190 2253; x_wconf 85' lang='lat' dir='ltr'><strong>cos.</strong></span> <span class='ocrx_word' id='word_1_163' title='bbox 226 2224 330 2254; x_wconf 85' lang='lat' dir='ltr'><strong>idibus</strong></span> <span class='ocrx_word' id='word_1_164' title='bbox 367 2226 512 2264; x_wconf 85' lang='lat' dir='ltr'><strong>Septem-</strong></span> 
     </span>
     <span class='ocr_line' id='line_1_49' title="bbox 126 2267 512 2298; baseline 0.01 -4"><span class='ocrx_word' id='word_1_165' title='bbox 126 2267 189 2295; x_wconf 76' lang='lat' dir='ltr'><strong>bris</strong></span> <span class='ocrx_word' id='word_1_166' title='bbox 207 2267 331 2296; x_wconf 85' lang='lat' dir='ltr'><strong>summa</strong></span> <span class='ocrx_word' id='word_1_167' title='bbox 355 2277 432 2297; x_wconf 82' lang='lat' dir='ltr'><strong>cuni</strong></span> <span class='ocrx_word' id='word_1_168' title='bbox 457 2278 512 2298; x_wconf 88' lang='lat' dir='ltr'><strong>au-</strong></span> 
     </span>
     <span class='ocr_line' id='line_1_50' title="bbox 125 2309 512 2351; baseline 0.005 -13"><span class='ocrx_word' id='word_1_169' title='bbox 125 2309 267 2340; x_wconf 64' lang='lat' dir='ltr'><strong>&amp;oritate</strong></span> <span class='ocrx_word' id='word_1_170' title='bbox 280 2310 310 2339; x_wconf 89' lang='lat' dir='ltr'><strong>in</strong></span> <span class='ocrx_word' id='word_1_171' title='bbox 324 2310 431 2341; x_wconf 80' lang='lat' dir='ltr'><strong>senatu</strong></span> <span class='ocrx_word' id='word_1_172' title='bbox 446 2321 512 2351; x_wconf 84' lang='lat' dir='ltr'><strong>per-</strong></span> 
     </span>
    </p>
   </div>
   <div class='ocr_carea' id='block_1_3' title="bbox 1230 103 1310 167">
    <p class='ocr_par' dir='ltr' id='par_1_4' title="bbox 1230 103 1310 167">
     <span class='ocr_line' id='line_1_51' title="bbox 1230 103 1310 167; baseline 0.025 -13"><span class='ocrx_word' id='word_1_173' title='bbox 1230 103 1310 167; x_wconf 59' lang='lat'><strong>123</strong></span> 
     </span>
    </p>
   </div>
   <div class='ocr_carea' id='block_1_4' title="bbox 550 204 1320 626">
    <p class='ocr_par' dir='ltr' id='par_1_5' title="bbox 550 204 1320 626">
     <span class='ocr_line' id='line_1_52' title="bbox 551 204 1314 245; baseline -0.003 -9"><span class='ocrx_word' id='word_1_174' title='bbox 551 216 633 237; x_wconf 82' lang='lat' dir='ltr'><strong>xxx.</strong></span> <span class='ocrx_word' id='word_1_175' title='bbox 648 215 720 245; x_wconf 88' lang='lat' dir='ltr'><strong>cap.</strong></span> <span class='ocrx_word' id='word_1_176' title='bbox 740 215 768 236; x_wconf 86' lang='lat'><strong>1.</strong></span> <span class='ocrx_word' id='word_1_177' title='bbox 811 205 1003 236; x_wconf 80' lang='lat' dir='ltr'><strong>Plutarchus</strong></span> <span class='ocrx_word' id='word_1_178' title='bbox 1027 205 1060 234; x_wconf 89' lang='lat' dir='ltr'><strong>in</strong></span> <span class='ocrx_word' id='word_1_179' title='bbox 1078 204 1195 235; x_wconf 73' lang='lat' dir='ltr'><strong>Crasso.</strong></span> <span class='ocrx_word' id='word_1_180' title='bbox 1238 204 1314 235; x_wconf 88' lang='lat' dir='ltr'><strong>Pro-</strong></span> 
     </span>
     <span class='ocr_line' id='line_1_53' title="bbox 551 248 1316 288; baseline -0.003 -9"><span class='ocrx_word' id='word_1_181' title='bbox 551 248 662 279; x_wconf 85' lang='lat' dir='ltr'><strong>consul</strong></span> <span class='ocrx_word' id='word_1_182' title='bbox 679 248 825 279; x_wconf 84' lang='lat' dir='ltr'><strong>adversus</strong></span> <span class='ocrx_word' id='word_1_183' title='bbox 848 248 1014 279; x_wconf 85' lang='lat' dir='ltr'><strong>Lufitanos</strong></span> <span class='ocrx_word' id='word_1_184' title='bbox 1033 248 1175 287; x_wconf 82' lang='lat' dir='ltr'><strong>prospere</strong></span> <span class='ocrx_word' id='word_1_185' title='bbox 1190 257 1316 288; x_wconf 85' lang='lat' dir='ltr'><strong>pugna-</strong></span> 
     </span>
     <span class='ocr_line' id='line_1_54' title="bbox 553 291 1313 332; baseline 0 -10"><span class='ocrx_word' id='word_1_186' title='bbox 553 293 609 329; x_wconf 87' lang='lat' dir='ltr'><strong>vit,</strong></span> <span class='ocrx_word' id='word_1_187' title='bbox 629 293 667 322; x_wconf 91' lang='lat' dir='ltr'><strong>de</strong></span> <span class='ocrx_word' id='word_1_188' title='bbox 685 292 835 332; x_wconf 85' lang='lat' dir='ltr'><strong>Hispanis</strong></span> <span class='ocrx_word' id='word_1_189' title='bbox 858 292 1081 331; x_wconf 86' lang='lat' dir='ltr'><strong>triumphavit.</strong></span> <span class='ocrx_word' id='word_1_190' title='bbox 1125 291 1239 321; x_wconf 87' lang='lat' dir='ltr'><strong>Strabo</strong></span> <span class='ocrx_word' id='word_1_191' title='bbox 1255 291 1313 322; x_wconf 91' lang='lat' dir='ltr'><strong>lib.</strong></span> 
     </span>
     <span class='ocr_line' id='line_1_55' title="bbox 551 334 1314 371; baseline -0.001 -6"><span class='ocrx_word' id='word_1_192' title='bbox 551 336 597 366; x_wconf 88' lang='lat' dir='ltr'><strong>iii.</strong></span> <span class='ocrx_word' id='word_1_193' title='bbox 619 336 776 366; x_wconf 76' lang='lat' dir='ltr'><strong>Asconius</strong></span> <span class='ocrx_word' id='word_1_194' title='bbox 793 335 826 365; x_wconf 91' lang='lat' dir='ltr'><strong>in</strong></span> <span class='ocrx_word' id='word_1_195' title='bbox 841 335 1056 366; x_wconf 82' lang='lat' dir='ltr'><strong>Pisonianam.</strong></span> <span class='ocrx_word' id='word_1_196' title='bbox 1088 334 1217 371; x_wconf 86' lang='lat' dir='ltr'><strong>Censor,</strong></span> <span class='ocrx_word' id='word_1_197' title='bbox 1235 343 1314 365; x_wconf 90' lang='lat' dir='ltr'><strong>cum</strong></span> 
     </span>
     <span class='ocr_line' id='line_1_56' title="bbox 551 377 1315 418; baseline -0.001 -10"><span class='ocrx_word' id='word_1_198' title='bbox 551 379 589 410; x_wconf 83' lang='lat' dir='ltr'><strong>L.</strong></span> <span class='ocrx_word' id='word_1_199' title='bbox 602 378 701 415; x_wconf 85' lang='lat' dir='ltr'><strong>JuIio,</strong></span> <span class='ocrx_word' id='word_1_200' title='bbox 717 387 805 409; x_wconf 89' lang='lat' dir='ltr'><strong>anno</strong></span> <span class='ocrx_word' id='word_1_201' title='bbox 822 380 895 418; x_wconf 90' lang='lat'><strong>664.</strong></span> <span class='ocrx_word' id='word_1_202' title='bbox 918 378 1039 408; x_wconf 76' lang='lat' dir='ltr'><strong>PlInius</strong></span> <span class='ocrx_word' id='word_1_203' title='bbox 1053 377 1135 408; x_wconf 85' lang='lat' dir='ltr'><strong>libro</strong></span> <span class='ocrx_word' id='word_1_204' title='bbox 1149 378 1217 409; x_wconf 90' lang='lat' dir='ltr'><strong>xiii.</strong></span> <span class='ocrx_word' id='word_1_205' title='bbox 1240 377 1315 408; x_wconf 92' lang='lat' dir='ltr'><strong>Plu-</strong></span> 
     </span>
     <span class='ocr_line' id='line_1_57' title="bbox 550 421 1315 461; baseline -0.003 -9"><span class='ocrx_word' id='word_1_206' title='bbox 550 423 691 452; x_wconf 85' lang='lat' dir='ltr'><strong>tarchus.</strong></span> <span class='ocrx_word' id='word_1_207' title='bbox 737 422 848 452; x_wconf 80' lang='lat' dir='ltr'><strong>Cicero</strong></span> <span class='ocrx_word' id='word_1_208' title='bbox 872 431 930 461; x_wconf 87' lang='lat' dir='ltr'><strong>pro</strong></span> <span class='ocrx_word' id='word_1_209' title='bbox 951 422 1080 452; x_wconf 87' lang='lat' dir='ltr'><strong>Archia.</strong></span> <span class='ocrx_word' id='word_1_210' title='bbox 1127 421 1191 451; x_wconf 86' lang='lat' dir='ltr'><strong>Hic</strong></span> <span class='ocrx_word' id='word_1_211' title='bbox 1215 430 1256 450; x_wconf 91' lang='lat' dir='ltr'><strong>ne</strong></span> <span class='ocrx_word' id='word_1_212' title='bbox 1280 422 1315 451; x_wconf 86' lang='lat' dir='ltr'><strong>in</strong></span> 
     </span>
     <span class='ocr_line' id='line_1_58' title="bbox 552 464 1315 503; baseline -0.001 -8"><span class='ocrx_word' id='word_1_213' title='bbox 552 475 668 495; x_wconf 89' lang='lat' dir='ltr'><strong>manus</strong></span> <span class='ocrx_word' id='word_1_214' title='bbox 685 465 838 495; x_wconf 88' lang='lat' dir='ltr'><strong>incideret</strong></span> <span class='ocrx_word' id='word_1_215' title='bbox 860 465 1015 503; x_wconf 85' lang='lat' dir='ltr'><strong>hostium,</strong></span> <span class='ocrx_word' id='word_1_216' title='bbox 1041 464 1176 503; x_wconf 86' lang='lat' dir='ltr'><strong>seipsum</strong></span> <span class='ocrx_word' id='word_1_217' title='bbox 1199 465 1315 494; x_wconf 84' lang='lat' dir='ltr'><strong>intere-</strong></span> 
     </span>
     <span class='ocr_line' id='line_1_59' title="bbox 550 507 1318 544; baseline 0.001 -7"><span class='ocrx_word' id='word_1_218' title='bbox 550 509 623 544; x_wconf 88' lang='lat' dir='ltr'><strong>mit,</strong></span> <span class='ocrx_word' id='word_1_219' title='bbox 640 507 725 538; x_wconf 88' lang='lat' dir='ltr'><strong>bello</strong></span> <span class='ocrx_word' id='word_1_220' title='bbox 744 508 831 538; x_wconf 82' lang='lat' dir='ltr'><strong>civili</strong></span> <span class='ocrx_word' id='word_1_221' title='bbox 856 508 1014 539; x_wconf 81' lang='lat' dir='ltr'><strong>Mariano.</strong></span> <span class='ocrx_word' id='word_1_222' title='bbox 1060 507 1171 538; x_wconf 87' lang='lat' dir='ltr'><strong>Cicero</strong></span> <span class='ocrx_word' id='word_1_223' title='bbox 1192 507 1318 538; x_wconf 86' lang='lat' dir='ltr'><strong>Tuscu-</strong></span> 
     </span>
     <span class='ocr_line' id='line_1_60' title="bbox 551 550 1320 591; baseline 0 -10"><span class='ocrx_word' id='word_1_224' title='bbox 551 551 625 581; x_wconf 86' lang='lat' dir='ltr'><strong>lana</strong></span> <span class='ocrx_word' id='word_1_225' title='bbox 639 552 775 590; x_wconf 80' lang='lat' dir='ltr'><strong>quinta:</strong></span> <span class='ocrx_word' id='word_1_226' title='bbox 800 561 857 591; x_wconf 91' lang='lat' dir='ltr'><strong>pro</strong></span> <span class='ocrx_word' id='word_1_227' title='bbox 874 552 1006 582; x_wconf 85' lang='lat' dir='ltr'><strong>Scauro.</strong></span> <span class='ocrx_word' id='word_1_228' title='bbox 1042 551 1216 582; x_wconf 86' lang='lat' dir='ltr'><strong>Asconius.</strong></span> <span class='ocrx_word' id='word_1_229' title='bbox 1253 550 1320 581; x_wconf 92' lang='lat' dir='ltr'><strong>Lu-</strong></span> 
     </span>
     <span class='ocr_line' id='line_1_61' title="bbox 552 594 795 626; baseline 0.004 -1"><span class='ocrx_word' id='word_1_230' title='bbox 552 604 653 626; x_wconf 89' lang='lat' dir='ltr'><strong>canus</strong></span> <span class='ocrx_word' id='word_1_231' title='bbox 667 594 749 625; x_wconf 90' lang='lat' dir='ltr'><strong>libro</strong></span> <span class='ocrx_word' id='word_1_232' title='bbox 761 594 795 626; x_wconf 81' lang='lat' dir='ltr'><strong>ii.</strong></span> 
     </span>
    </p>
   </div>
   <div class='ocr_carea' id='block_1_5' title="bbox 552 721 1318 1699">
    <p class='ocr_par' dir='ltr' id='par_1_6' title="bbox 552 721 1318 1699">
     <span class='ocr_line' id='line_1_62' title="bbox 552 721 1316 754; baseline 0 0"><span class='ocrx_word' id='word_1_233' title='bbox 552 723 603 754; x_wconf 92' lang='lat' dir='ltr'><strong>M.</strong></span> <span class='ocrx_word' id='word_1_234' title='bbox 625 722 817 753; x_wconf 85' lang='lat' dir='ltr'><strong>LICINIUS</strong></span> <span class='ocrx_word' id='word_1_235' title='bbox 839 722 873 753; x_wconf 87' lang='lat' dir='ltr'><strong>P.</strong></span> <span class='ocrx_word' id='word_1_236' title='bbox 897 723 932 753; x_wconf 89' lang='lat' dir='ltr'><strong>F.</strong></span> <span class='ocrx_word' id='word_1_237' title='bbox 958 723 1008 753; x_wconf 90' lang='lat' dir='ltr'><strong>M.</strong></span> <span class='ocrx_word' id='word_1_238' title='bbox 1053 723 1087 753; x_wconf 89' lang='lat' dir='ltr'><strong>P.</strong></span> <span class='ocrx_word' id='word_1_239' title='bbox 1123 721 1316 754; x_wconf 87' lang='lat' dir='ltr'><strong>LlClNlUS</strong></span> 
     </span>
     <span class='ocr_line' id='line_1_63' title="bbox 554 767 1315 798; baseline 0 -1"><span class='ocrx_word' id='word_1_240' title='bbox 554 775 762 798; x_wconf 66' lang='lat' dir='ltr'><strong>N0CRASSUS</strong></span> <span class='ocrx_word' id='word_1_241' title='bbox 782 775 902 796; x_wconf 79' lang='lat' dir='ltr'><strong>DlVES.</strong></span> <span class='ocrx_word' id='word_1_242' title='bbox 927 767 1009 796; x_wconf 82' lang='lat' dir='ltr'><strong>Prae-</strong></span> <span class='ocrx_word' id='word_1_243' title='bbox 1056 776 1083 796; x_wconf 74' lang='lat'><strong>1³.</strong></span> <span class='ocrx_word' id='word_1_244' title='bbox 1125 776 1153 796; x_wconf 67' lang='grc' dir='ltr'><strong>ε.</strong></span> <span class='ocrx_word' id='word_1_245' title='bbox 1199 775 1240 797; x_wconf 82' lang='grc' dir='ltr'><strong>Μ.</strong></span> <span class='ocrx_word' id='word_1_246' title='bbox 1280 775 1315 797; x_wconf 75' lang='grc' dir='ltr'><strong>Ν.</strong></span> 
     </span>
     <span class='ocr_line' id='line_1_64' title="bbox 554 810 1316 847; baseline -0.001 -7"><span class='ocrx_word' id='word_1_247' title='bbox 554 816 614 847; x_wconf 80' lang='lat' dir='ltr'><strong>tor,</strong></span> <span class='ocrx_word' id='word_1_248' title='bbox 646 819 734 840; x_wconf 86' lang='lat' dir='ltr'><strong>anno</strong></span> <span class='ocrx_word' id='word_1_249' title='bbox 766 810 839 842; x_wconf 80' lang='lat'><strong>682.</strong></span> <span class='ocrx_word' id='word_1_250' title='bbox 886 810 1010 839; x_wconf 89' lang='lat' dir='ltr'><strong>Primus</strong></span> <span class='ocrx_word' id='word_1_251' title='bbox 1056 819 1223 839; x_wconf 74' lang='lat' dir='ltr'><strong>anssus.</strong></span> <span class='ocrx_word' id='word_1_252' title='bbox 1262 810 1316 839; x_wconf 90' lang='lat' dir='ltr'><strong>Ab</strong></span> 
     </span>
     <span class='ocr_line' id='line_1_65' title="bbox 555 853 1316 893; baseline -0.001 -10"><span class='ocrx_word' id='word_1_253' title='bbox 555 862 632 883; x_wconf 91' lang='lat' dir='ltr'><strong>cum</strong></span> <span class='ocrx_word' id='word_1_254' title='bbox 671 860 759 893; x_wconf 90' lang='lat' dir='ltr'><strong>parte</strong></span> <span class='ocrx_word' id='word_1_255' title='bbox 799 853 1009 892; x_wconf 86' lang='lat' dir='ltr'><strong>fugitivorum</strong></span> <span class='ocrx_word' id='word_1_256' title='bbox 1053 853 1316 892; x_wconf 86' lang='lat' dir='ltr'><strong>equitibusFim-</strong></span> 
     </span>
     <span class='ocr_line' id='line_1_66' title="bbox 553 895 1317 936; baseline -0.001 -10"><span class='ocrx_word' id='word_1_257' title='bbox 553 905 627 936; x_wconf 81' lang='lat' dir='ltr'><strong>quae</strong></span> <span class='ocrx_word' id='word_1_258' title='bbox 649 906 689 926; x_wconf 81' lang='lat' dir='ltr'><strong>ex</strong></span> <span class='ocrx_word' id='word_1_259' title='bbox 708 895 809 925; x_wconf 90' lang='lat' dir='ltr'><strong>Gallis</strong></span> <span class='ocrx_word' id='word_1_260' title='bbox 826 895 1009 926; x_wconf 74' lang='lat' dir='ltr'><strong>Germanis·</strong></span> <span class='ocrx_word' id='word_1_261' title='bbox 1052 895 1130 925; x_wconf 87' lang='lat' dir='ltr'><strong>briae</strong></span> <span class='ocrx_word' id='word_1_262' title='bbox 1157 895 1243 925; x_wconf 89' lang='lat' dir='ltr'><strong>bello</strong></span> <span class='ocrx_word' id='word_1_263' title='bbox 1270 896 1317 925; x_wconf 91' lang='lat' dir='ltr'><strong>ci-</strong></span> 
     </span>
     <span class='ocr_line' id='line_1_67' title="bbox 552 938 1313 978; baseline -0.001 -9"><span class='ocrx_word' id='word_1_264' title='bbox 552 949 614 978; x_wconf 88' lang='lat' dir='ltr'><strong>que</strong></span> <span class='ocrx_word' id='word_1_265' title='bbox 663 939 828 968; x_wconf 78' lang='lat' dir='ltr'><strong>constabat</strong></span> <span class='ocrx_word' id='word_1_266' title='bbox 875 939 1009 969; x_wconf 85' lang='lat' dir='ltr'><strong>feliciter</strong></span> <span class='ocrx_word' id='word_1_267' title='bbox 1053 938 1107 968; x_wconf 86' lang='lat' dir='ltr'><strong>vili</strong></span> <span class='ocrx_word' id='word_1_268' title='bbox 1163 938 1313 968; x_wconf 88' lang='lat' dir='ltr'><strong>Mariano</strong></span> 
     </span>
     <span class='ocr_line' id='line_1_68' title="bbox 552 980 1318 1021; baseline 0.001 -11"><span class='ocrx_word' id='word_1_269' title='bbox 552 982 721 1021; x_wconf 86' lang='lat' dir='ltr'><strong>pugnavit,</strong></span> <span class='ocrx_word' id='word_1_270' title='bbox 749 980 837 1011; x_wconf 80' lang='lat' dir='ltr'><strong>caefis</strong></span> <span class='ocrx_word' id='word_1_271' title='bbox 865 983 1007 1012; x_wconf 88' lang='lat' dir='ltr'><strong>hostium</strong></span> <span class='ocrx_word' id='word_1_272' title='bbox 1052 982 1176 1011; x_wconf 87' lang='lat' dir='ltr'><strong>occisus</strong></span> <span class='ocrx_word' id='word_1_273' title='bbox 1191 983 1245 1011; x_wconf 84' lang='lat' dir='ltr'><strong>est.</strong></span> <span class='ocrx_word' id='word_1_274' title='bbox 1276 981 1318 1011; x_wconf 81' lang='lat' dir='ltr'><strong>E-</strong></span> 
     </span>
     <span class='ocr_line' id='line_1_69' title="bbox 552 1024 1318 1107; baseline 0.001 -10"><span class='ocrx_word' id='word_1_275' title='bbox 552 1024 1011 1107; x_wconf 55' lang='grc' dir='ltr'><strong>ἕὲωἚῗὲὲῗέοῗὲῗὲξὲρέῗῖ</strong></span> <span class='ocrx_word' id='word_1_276' title='bbox 1054 1032 1207 1098; x_wconf 58' lang='lat' dir='ltr'><strong>{Z‘c&#39;ffis</strong></span> <span class='ocrx_word' id='word_1_277' title='bbox 1224 1024 1318 1098; x_wconf 55' lang='lat'><strong>&#39;3355</strong></span> 
     </span>
     <span class='ocr_line' id='line_1_70' title="bbox 552 1110 1317 1146; baseline 0.001 -6"><span class='ocrx_word' id='word_1_278' title='bbox 552 1117 627 1140; x_wconf 89' lang='lat' dir='ltr'><strong>taco</strong></span> <span class='ocrx_word' id='word_1_279' title='bbox 639 1111 754 1140; x_wconf 88' lang='lat' dir='ltr'><strong>deinde</strong></span> <span class='ocrx_word' id='word_1_280' title='bbox 767 1110 910 1146; x_wconf 87' lang='lat' dir='ltr'><strong>bellavit,</strong></span> <span class='ocrx_word' id='word_1_281' title='bbox 923 1111 1010 1141; x_wconf 84' lang='lat' dir='ltr'><strong>caefis</strong></span> <span class='ocrx_word' id='word_1_282' title='bbox 1054 1112 1087 1141; x_wconf 87' lang='lat' dir='ltr'><strong>ii.</strong></span> <span class='ocrx_word' id='word_1_283' title='bbox 1110 1110 1222 1141; x_wconf 89' lang='lat' dir='ltr'><strong>Florus</strong></span> <span class='ocrx_word' id='word_1_284' title='bbox 1233 1110 1317 1143; x_wconf 81' lang='lat' dir='ltr'><strong>libro</strong></span> 
     </span>
     <span class='ocr_line' id='line_1_71' title="bbox 554 1153 1010 1193; baseline 0.002 -10"><span class='ocrx_word' id='word_1_285' title='bbox 554 1163 631 1183; x_wconf 89' lang='lat' dir='ltr'><strong>cum</strong></span> <span class='ocrx_word' id='word_1_286' title='bbox 650 1153 714 1192; x_wconf 80' lang='lat' dir='ltr'><strong>ipso</strong></span> <span class='ocrx_word' id='word_1_287' title='bbox 731 1153 875 1183; x_wconf 90' lang='lat' dir='ltr'><strong>millibus</strong></span> <span class='ocrx_word' id='word_1_288' title='bbox 888 1163 941 1193; x_wconf 87' lang='lat'><strong>40.</strong></span> <span class='ocrx_word' id='word_1_289' title='bbox 966 1154 1010 1183; x_wconf 90' lang='lat'><strong>0-</strong></span> 
     </span>
     <span class='ocr_line' id='line_1_72' title="bbox 553 1197 1013 1227; baseline 0 -1"><span class='ocrx_word' id='word_1_290' title='bbox 553 1206 631 1227; x_wconf 89' lang='lat' dir='ltr'><strong>vans</strong></span> <span class='ocrx_word' id='word_1_291' title='bbox 648 1197 681 1226; x_wconf 90' lang='lat' dir='ltr'><strong>in</strong></span> <span class='ocrx_word' id='word_1_292' title='bbox 699 1197 811 1226; x_wconf 87' lang='lat' dir='ltr'><strong>urbem</strong></span> <span class='ocrx_word' id='word_1_293' title='bbox 827 1206 904 1227; x_wconf 72' lang='lat' dir='ltr'><strong>curu</strong></span> <span class='ocrx_word' id='word_1_294' title='bbox 927 1205 1013 1227; x_wconf 67' lang='grc' dir='ltr'><strong>ωυ-</strong></span> 
     </span>
     <span class='ocr_line' id='line_1_73' title="bbox 556 1239 1014 1279; baseline 0.004 -10"><span class='ocrx_word' id='word_1_295' title='bbox 556 1249 620 1269; x_wconf 71' lang='grc' dir='ltr'><strong>κεΑ</strong></span> <span class='ocrx_word' id='word_1_296' title='bbox 638 1249 777 1269; x_wconf 72' lang='lat' dir='ltr'><strong>PRJMUS</strong></span> <span class='ocrx_word' id='word_1_297' title='bbox 792 1240 836 1269; x_wconf 85' lang='lat' dir='ltr'><strong>est</strong></span> <span class='ocrx_word' id='word_1_298' title='bbox 850 1239 1014 1279; x_wconf 80' lang='lat' dir='ltr'><strong>ingressus.</strong></span> 
     </span>
     <span class='ocr_line' id='line_1_74' title="bbox 556 1282 1014 1322; baseline 0 -10"><span class='ocrx_word' id='word_1_299' title='bbox 556 1282 706 1322; x_wconf 84' lang='lat' dir='ltr'><strong>Epitome</strong></span> <span class='ocrx_word' id='word_1_300' title='bbox 743 1283 842 1312; x_wconf 80' lang='lat' dir='ltr'><strong>xcvii.</strong></span> <span class='ocrx_word' id='word_1_301' title='bbox 887 1282 1014 1313; x_wconf 85' lang='lat' dir='ltr'><strong>Gellius</strong></span> 
     </span>
     <span class='ocr_line' id='line_1_75' title="bbox 555 1324 1012 1356; baseline 0.002 -1"><span class='ocrx_word' id='word_1_302' title='bbox 555 1325 611 1355; x_wconf 86' lang='lat' dir='ltr'><strong>lib.</strong></span> <span class='ocrx_word' id='word_1_303' title='bbox 628 1335 658 1354; x_wconf 93' lang='lat' dir='ltr'><strong>v.</strong></span> <span class='ocrx_word' id='word_1_304' title='bbox 677 1326 708 1356; x_wconf 88' lang='lat'><strong>6.</strong></span> <span class='ocrx_word' id='word_1_305' title='bbox 748 1324 868 1355; x_wconf 86' lang='lat' dir='ltr'><strong>Plinius</strong></span> <span class='ocrx_word' id='word_1_306' title='bbox 884 1324 941 1356; x_wconf 90' lang='lat' dir='ltr'><strong>lib.</strong></span> <span class='ocrx_word' id='word_1_307' title='bbox 957 1334 1012 1356; x_wconf 75' lang='lat' dir='ltr'><strong>xv-</strong></span> 
     </span>
     <span class='ocr_line' id='line_1_76' title="bbox 558 1368 1014 1405; baseline 0 -7"><span class='ocrx_word' id='word_1_308' title='bbox 558 1378 609 1399; x_wconf 88' lang='lat'><strong>22.</strong></span> <span class='ocrx_word' id='word_1_309' title='bbox 640 1374 671 1398; x_wconf 93' lang='lat' dir='ltr'><strong>et</strong></span> <span class='ocrx_word' id='word_1_310' title='bbox 700 1368 770 1398; x_wconf 73' lang='lat' dir='ltr'><strong>xvi.</strong></span> <span class='ocrx_word' id='word_1_311' title='bbox 800 1376 851 1405; x_wconf 91' lang='lat'><strong>29.</strong></span> <span class='ocrx_word' id='word_1_312' title='bbox 901 1368 1014 1401; x_wconf 75' lang='lat' dir='ltr'><strong>Florus</strong></span> 
     </span>
     <span class='ocr_line' id='line_1_77' title="bbox 555 1410 1013 1442; baseline 0.002 -2"><span class='ocrx_word' id='word_1_313' title='bbox 555 1410 615 1440; x_wconf 84' lang='lat' dir='ltr'><strong>lib.-</strong></span> <span class='ocrx_word' id='word_1_314' title='bbox 630 1411 673 1441; x_wconf 81' lang='lat' dir='ltr'><strong>iii.</strong></span> <span class='ocrx_word' id='word_1_315' title='bbox 693 1420 744 1442; x_wconf 93' lang='lat'><strong>20.</strong></span> <span class='ocrx_word' id='word_1_316' title='bbox 782 1410 895 1440; x_wconf 89' lang='lat' dir='ltr'><strong>Cicero</strong></span> <span class='ocrx_word' id='word_1_317' title='bbox 913 1411 946 1440; x_wconf 90' lang='lat' dir='ltr'><strong>in</strong></span> <span class='ocrx_word' id='word_1_318' title='bbox 963 1411 1013 1441; x_wconf 89' lang='lat' dir='ltr'><strong>Pi-</strong></span> 
     </span>
     <span class='ocr_line' id='line_1_78' title="bbox 554 1454 1012 1490; baseline 0 -6"><span class='ocrx_word' id='word_1_319' title='bbox 554 1454 678 1490; x_wconf 87' lang='lat' dir='ltr'><strong>sonem,</strong></span> <span class='ocrx_word' id='word_1_320' title='bbox 720 1460 752 1484; x_wconf 84' lang='lat' dir='ltr'><strong>et</strong></span> <span class='ocrx_word' id='word_1_321' title='bbox 788 1454 1012 1485; x_wconf 67' lang='lat' dir='ltr'><strong>Accusationis</strong></span> 
     </span>
     <span class='ocr_line' id='line_1_79' title="bbox 553 1496 1008 1535; baseline 0 -9"><span class='ocrx_word' id='word_1_322' title='bbox 553 1497 678 1535; x_wconf 75' lang='lat' dir='ltr'><strong>quinto.</strong></span> <span class='ocrx_word' id='word_1_323' title='bbox 723 1497 799 1527; x_wconf 85' lang='lat' dir='ltr'><strong>Cos.</strong></span> <span class='ocrx_word' id='word_1_324' title='bbox 836 1506 915 1527; x_wconf 89' lang='lat' dir='ltr'><strong>cum</strong></span> <span class='ocrx_word' id='word_1_325' title='bbox 945 1496 1008 1527; x_wconf 88' lang='lat' dir='ltr'><strong>Cn.</strong></span> 
     </span>
     <span class='ocr_line' id='line_1_80' title="bbox 554 1540 1011 1579; baseline 0 -10"><span class='ocrx_word' id='word_1_326' title='bbox 554 1540 720 1579; x_wconf 87' lang='lat' dir='ltr'><strong>Pompeio,</strong></span> <span class='ocrx_word' id='word_1_327' title='bbox 734 1548 821 1569; x_wconf 92' lang='lat' dir='ltr'><strong>anno</strong></span> <span class='ocrx_word' id='word_1_328' title='bbox 839 1540 914 1578; x_wconf 85' lang='lat'><strong>683.</strong></span> <span class='ocrx_word' id='word_1_329' title='bbox 938 1540 1011 1569; x_wconf 89' lang='lat' dir='ltr'><strong>Cas-</strong></span> 
     </span>
     <span class='ocr_line' id='line_1_81' title="bbox 553 1583 1010 1622; baseline 0 -10"><span class='ocrx_word' id='word_1_330' title='bbox 553 1583 703 1613; x_wconf 79' lang='lat' dir='ltr'><strong>fiodorus.</strong></span> <span class='ocrx_word' id='word_1_331' title='bbox 744 1583 892 1622; x_wconf 80' lang='lat' dir='ltr'><strong>Epitome</strong></span> <span class='ocrx_word' id='word_1_332' title='bbox 909 1583 1010 1613; x_wconf 82' lang='lat' dir='ltr'><strong>xcvii.</strong></span> 
     </span>
     <span class='ocr_line' id='line_1_82' title="bbox 554 1625 1011 1664; baseline 0 -9"><span class='ocrx_word' id='word_1_333' title='bbox 554 1627 722 1664; x_wconf 82' lang='lat' dir='ltr'><strong>Appianus</strong></span> <span class='ocrx_word' id='word_1_334' title='bbox 739 1625 793 1655; x_wconf 82' lang='lat' dir='ltr'><strong>lib.</strong></span> <span class='ocrx_word' id='word_1_335' title='bbox 811 1627 925 1664; x_wconf 85' lang='lat' dir='ltr'><strong>primo.</strong></span> <span class='ocrx_word' id='word_1_336' title='bbox 943 1625 1011 1656; x_wconf 88' lang='lat' dir='ltr'><strong>Sal-</strong></span> 
     </span>
     <span class='ocr_line' id='line_1_83' title="bbox 555 1668 1010 1699; baseline 0.002 -2"><span class='ocrx_word' id='word_1_337' title='bbox 555 1668 664 1698; x_wconf 85' lang='lat' dir='ltr'><strong>lustius</strong></span> <span class='ocrx_word' id='word_1_338' title='bbox 694 1669 726 1698; x_wconf 78' lang='lat' dir='ltr'><strong>in</strong></span> <span class='ocrx_word' id='word_1_339' title='bbox 753 1668 847 1698; x_wconf 79' lang='lat' dir='ltr'><strong>Catil.</strong></span> <span class='ocrx_word' id='word_1_340' title='bbox 893 1669 1010 1699; x_wconf 84' lang='lat' dir='ltr'><strong>Censor</strong></span> 
     </span>
    </p>
   </div>
   <div class='ocr_carea' id='block_1_6' title="bbox 555 1711 1010 1785">
    <p class='ocr_par' dir='ltr' id='par_1_7' title="bbox 555 1711 1010 1785">
     <span class='ocr_line' id='line_1_84' title="bbox 555 1711 1010 1748; baseline 0 -7"><span class='ocrx_word' id='word_1_341' title='bbox 555 1720 632 1741; x_wconf 89' lang='lat' dir='ltr'><strong>cum</strong></span> <span class='ocrx_word' id='word_1_342' title='bbox 672 1711 714 1741; x_wconf 74' lang='grc' dir='ltr'><strong>Θ.</strong></span> <span class='ocrx_word' id='word_1_343' title='bbox 754 1711 892 1748; x_wconf 87' lang='lat' dir='ltr'><strong>Lutatio,</strong></span> <span class='ocrx_word' id='word_1_344' title='bbox 922 1721 1010 1741; x_wconf 83' lang='lat' dir='ltr'><strong>anno</strong></span> 
     </span>
     <span class='ocr_line' id='line_1_85' title="bbox 557 1754 1009 1785; baseline 0 -1"><span class='ocrx_word' id='word_1_345' title='bbox 557 1755 630 1785; x_wconf 86' lang='lat'><strong>688.</strong></span> <span class='ocrx_word' id='word_1_346' title='bbox 661 1754 860 1784; x_wconf 83' lang='lat' dir='ltr'><strong>Plutarchus.</strong></span> <span class='ocrx_word' id='word_1_347' title='bbox 890 1754 1009 1785; x_wconf 91' lang='lat' dir='ltr'><strong>Consul</strong></span> 
     </span>
    </p>
   </div>
   <div class='ocr_carea' id='block_1_7' title="bbox 1055 1155 1258 1194">
    <p class='ocr_par' dir='ltr' id='par_1_8' title="bbox 1055 1155 1258 1194">
     <span class='ocr_line' id='line_1_86' title="bbox 1055 1155 1258 1194; baseline 0 -10"><span class='ocrx_word' id='word_1_348' title='bbox 1055 1155 1099 1185; x_wconf 90' lang='lat' dir='ltr'><strong>iii.</strong></span> <span class='ocrx_word' id='word_1_349' title='bbox 1114 1163 1186 1194; x_wconf 82' lang='lat' dir='ltr'><strong>cap.</strong></span> <span class='ocrx_word' id='word_1_350' title='bbox 1204 1161 1258 1186; x_wconf 80' lang='lat'><strong>21.</strong></span> 
     </span>
    </p>
   </div>
   <div class='ocr_carea' id='block_1_8' title="bbox 553 1798 1012 2342">
    <p class='ocr_par' dir='ltr' id='par_1_9' title="bbox 553 1798 1012 2342">
     <span class='ocr_line' id='line_1_87' title="bbox 557 1798 1009 1836; baseline 0.002 -10"><span class='ocrx_word' id='word_1_351' title='bbox 557 1807 598 1833; x_wconf 81' lang='grc' dir='ltr'><strong>ιι,</strong></span> <span class='ocrx_word' id='word_1_352' title='bbox 632 1806 709 1827; x_wconf 90' lang='lat' dir='ltr'><strong>cum</strong></span> <span class='ocrx_word' id='word_1_353' title='bbox 749 1798 810 1827; x_wconf 91' lang='lat' dir='ltr'><strong>Cn.</strong></span> <span class='ocrx_word' id='word_1_354' title='bbox 842 1798 1009 1836; x_wconf 86' lang='lat' dir='ltr'><strong>Pompeio,</strong></span> 
     </span>
     <span class='ocr_line' id='line_1_88' title="bbox 553 1840 1010 1880; baseline 0.002 -12"><span class='ocrx_word' id='word_1_355' title='bbox 553 1850 640 1870; x_wconf 81' lang='lat' dir='ltr'><strong>anno</strong></span> <span class='ocrx_word' id='word_1_356' title='bbox 680 1841 753 1880; x_wconf 82' lang='lat'><strong>698.</strong></span> <span class='ocrx_word' id='word_1_357' title='bbox 800 1840 1010 1872; x_wconf 81' lang='lat' dir='ltr'><strong>Caffiodorus.</strong></span> 
     </span>
     <span class='ocr_line' id='line_1_89' title="bbox 554 1882 1010 1913; baseline 0.002 -1"><span class='ocrx_word' id='word_1_358' title='bbox 554 1883 617 1912; x_wconf 87' lang='lat' dir='ltr'><strong>Dio</strong></span> <span class='ocrx_word' id='word_1_359' title='bbox 641 1882 723 1912; x_wconf 86' lang='lat' dir='ltr'><strong>libro</strong></span> <span class='ocrx_word' id='word_1_360' title='bbox 748 1884 860 1912; x_wconf 84' lang='lat' dir='ltr'><strong>xxxix.</strong></span> <span class='ocrx_word' id='word_1_361' title='bbox 907 1883 1010 1913; x_wconf 77' lang='lat' dir='ltr'><strong>Caesar</strong></span> 
     </span>
     <span class='ocr_line' id='line_1_90' title="bbox 555 1925 1011 1956; baseline 0.002 -2"><span class='ocrx_word' id='word_1_362' title='bbox 555 1925 610 1955; x_wconf 82' lang='lat' dir='ltr'><strong>lib.</strong></span> <span class='ocrx_word' id='word_1_363' title='bbox 638 1926 676 1955; x_wconf 91' lang='lat' dir='ltr'><strong>de</strong></span> <span class='ocrx_word' id='word_1_364' title='bbox 704 1925 788 1955; x_wconf 91' lang='lat' dir='ltr'><strong>bello</strong></span> <span class='ocrx_word' id='word_1_365' title='bbox 817 1925 942 1955; x_wconf 80' lang='lat' dir='ltr'><strong>Gallico</strong></span> <span class='ocrx_word' id='word_1_366' title='bbox 969 1926 1011 1956; x_wconf 83' lang='lat' dir='ltr'><strong>iv.</strong></span> 
     </span>
     <span class='ocr_line' id='line_1_91' title="bbox 555 1968 1011 1999; baseline 0.002 -1"><span class='ocrx_word' id='word_1_367' title='bbox 555 1968 674 1998; x_wconf 85' lang='lat' dir='ltr'><strong>Contra</strong></span> <span class='ocrx_word' id='word_1_368' title='bbox 710 1969 841 1999; x_wconf 83' lang='lat' dir='ltr'><strong>Parthos</strong></span> <span class='ocrx_word' id='word_1_369' title='bbox 887 1968 1011 1999; x_wconf 86' lang='lat' dir='ltr'><strong>bellum</strong></span> 
     </span>
     <span class='ocr_line' id='line_1_92' title="bbox 556 2011 1009 2049; baseline 0 -9"><span class='ocrx_word' id='word_1_370' title='bbox 556 2011 656 2049; x_wconf 72' lang='lat' dir='ltr'><strong>gessit,</strong></span> <span class='ocrx_word' id='word_1_371' title='bbox 674 2011 713 2041; x_wconf 84' lang='lat' dir='ltr'><strong>ab</strong></span> <span class='ocrx_word' id='word_1_372' title='bbox 739 2012 774 2041; x_wconf 81' lang='lat' dir='ltr'><strong>iis</strong></span> <span class='ocrx_word' id='word_1_373' title='bbox 797 2011 909 2047; x_wconf 64' lang='lat' dir='ltr'><strong>vifi‘tus,</strong></span> <span class='ocrx_word' id='word_1_374' title='bbox 932 2021 1009 2040; x_wconf 84' lang='lat' dir='ltr'><strong>curn</strong></span> 
     </span>
     <span class='ocr_line' id='line_1_93' title="bbox 558 2054 1012 2084; baseline 0.002 -1"><span class='ocrx_word' id='word_1_375' title='bbox 558 2054 623 2083; x_wconf 78' lang='lat' dir='ltr'><strong>silio</strong></span> <span class='ocrx_word' id='word_1_376' title='bbox 645 2061 675 2083; x_wconf 87' lang='lat' dir='ltr'><strong>et</strong></span> <span class='ocrx_word' id='word_1_377' title='bbox 700 2061 767 2084; x_wconf 85' lang='lat' dir='ltr'><strong>toto</strong></span> <span class='ocrx_word' id='word_1_378' title='bbox 784 2055 844 2084; x_wconf 85' lang='lat' dir='ltr'><strong>sere</strong></span> <span class='ocrx_word' id='word_1_379' title='bbox 868 2055 1012 2084; x_wconf 81' lang='lat' dir='ltr'><strong>exercitu</strong></span> 
     </span>
     <span class='ocr_line' id='line_1_94' title="bbox 557 2097 1012 2137; baseline -0.002 -11"><span class='ocrx_word' id='word_1_380' title='bbox 557 2103 642 2127; x_wconf 80' lang='lat' dir='ltr'><strong>trans</strong></span> <span class='ocrx_word' id='word_1_381' title='bbox 655 2098 850 2137; x_wconf 83' lang='lat' dir='ltr'><strong>Euphratem</strong></span> <span class='ocrx_word' id='word_1_382' title='bbox 867 2097 1012 2126; x_wconf 76' lang='lat' dir='ltr'><strong>maxima</strong></span> 
     </span>
     <span class='ocr_line' id='line_1_95' title="bbox 559 2140 1012 2177; baseline -0.002 -8"><span class='ocrx_word' id='word_1_383' title='bbox 559 2149 635 2170; x_wconf 86' lang='lat' dir='ltr'><strong>cum</strong></span> <span class='ocrx_word' id='word_1_384' title='bbox 664 2141 842 2177; x_wconf 79' lang='lat' dir='ltr'><strong>ignominia</strong></span> <span class='ocrx_word' id='word_1_385' title='bbox 865 2147 896 2169; x_wconf 89' lang='lat' dir='ltr'><strong>et</strong></span> <span class='ocrx_word' id='word_1_386' title='bbox 919 2140 1012 2169; x_wconf 83' lang='lat' dir='ltr'><strong>dedc-</strong></span> 
     </span>
     <span class='ocr_line' id='line_1_96' title="bbox 557 2183 1009 2222; baseline -0.002 -10"><span class='ocrx_word' id='word_1_387' title='bbox 557 2192 628 2212; x_wconf 86' lang='lat' dir='ltr'><strong>core</strong></span> <span class='ocrx_word' id='word_1_388' title='bbox 645 2183 746 2222; x_wconf 84' lang='lat' dir='ltr'><strong>periit.</strong></span> <span class='ocrx_word' id='word_1_389' title='bbox 783 2183 930 2222; x_wconf 82' lang='lat' dir='ltr'><strong>Epitome</strong></span> <span class='ocrx_word' id='word_1_390' title='bbox 947 2183 1009 2211; x_wconf 86' lang='lat' dir='ltr'><strong>cvi.</strong></span> 
     </span>
     <span class='ocr_line' id='line_1_97' title="bbox 557 2225 1011 2264; baseline -0.002 -9"><span class='ocrx_word' id='word_1_391' title='bbox 557 2226 723 2264; x_wconf 82' lang='lat' dir='ltr'><strong>Appianus</strong></span> <span class='ocrx_word' id='word_1_392' title='bbox 767 2227 799 2255; x_wconf 89' lang='lat' dir='ltr'><strong>in</strong></span> <span class='ocrx_word' id='word_1_393' title='bbox 845 2225 1011 2255; x_wconf 72' lang='lat' dir='ltr'><strong>Parthicis.</strong></span> 
     </span>
     <span class='ocr_line' id='line_1_98' title="bbox 556 2268 1012 2298; baseline -0.002 -1"><span class='ocrx_word' id='word_1_394' title='bbox 556 2268 619 2298; x_wconf 89' lang='lat' dir='ltr'><strong>Dio</strong></span> <span class='ocrx_word' id='word_1_395' title='bbox 650 2268 704 2297; x_wconf 88' lang='lat' dir='ltr'><strong>lib.</strong></span> <span class='ocrx_word' id='word_1_396' title='bbox 732 2268 776 2297; x_wconf 72' lang='lat' dir='ltr'><strong>xl.</strong></span> <span class='ocrx_word' id='word_1_397' title='bbox 822 2268 1012 2298; x_wconf 67' lang='lat' dir='ltr'><strong>Plutarchus</strong></span> 
     </span>
     <span class='ocr_line' id='line_1_99' title="bbox 558 2310 1011 2342; baseline -0.004 -2"><span class='ocrx_word' id='word_1_398' title='bbox 558 2311 590 2340; x_wconf 89' lang='lat' dir='ltr'><strong>in</strong></span> <span class='ocrx_word' id='word_1_399' title='bbox 603 2312 674 2341; x_wconf 81' lang='lat' dir='ltr'><strong>vita.</strong></span> <span class='ocrx_word' id='word_1_400' title='bbox 694 2311 812 2342; x_wconf 80' lang='lat' dir='ltr'><strong>Plinius</strong></span> <span class='ocrx_word' id='word_1_401' title='bbox 826 2311 881 2340; x_wconf 87' lang='lat' dir='ltr'><strong>lib.</strong></span> <span class='ocrx_word' id='word_1_402' title='bbox 896 2310 1011 2340; x_wconf 42' lang='lat' dir='ltr'><strong>xxxiii.</strong></span> 
     </span>
    </p>
   </div>
  </div>
 </body>
</html>
