1572 2616
256 172 348 211 ,ΜΞ
601 173 771 204 ‘rumex
805 175 860 204 IN
895 175 940 204 T.
963 171 1097 207 mvn

260 253 348 284 Saxa
363 251 484 290 Rubra,
498 252 604 291 locUS‚
622 253 676 284 ubi
692 254 840 285 Veientes
855 255 955 285 castra
969 255 1146 295 habebant,
1163 265 1195 294 2,
1210 264 1265 296 4-9.

262 296 349 326 Saxa
365 296 549 334 Formiana,
568 306 620 333 22,
641 297 689 327 16.

262 339 350 369 Saxa
366 339 469 369 infuso
485 345 575 370 aceto
592 338 777 378 putrefacta,
797 349 849 375 21,
867 347 918 377 37.

264 382 388 412 Saxum
403 382 591 421 Tarpeium,
609 383 641 419 6,
661 391 709 413 20.
734 383 773 411 de
789 384 851 412 hoc
867 383 941 412 saxo
958 382 1004 412 M.
1023 383 1166 414 Manlius
1182 382 1332 422 dejefftus,
1349 382 1422 415 ibid.

261 425 388 456 Saxum
405 425 516 498 iflnigens
534 426 566 455 in
582 425 692 455 vicum
707 425 875 464 Jugarium
890 435 931 455 ex
947 426 1106 466 Capitolio
1123 428 1271 467 procidit,
1285 434 1317 458 et
1332 426 1455 458 multos

307 477 404 507 oppre
443 475 467 504 t,
487 474 539 507 35,
558 477 608 498 21.

261 510 389 542 Saxum
407 512 519 550 ingens
535 510 638 540 visum
653 511 697 540 est
713 510 856 550 volitare,
871 511 938 542 vid.
955 511 1107 551 Prodigia.

261 553 389 590 Scaeva,
407 554 473 584 vid.
489 554 618 584 Junius.

262 596 422 633 Scaevola,
439 596 505 627 vid.
524 597 666 626 Mucius.

261 639 381 677 Scalae,
397 639 560 669 moenibus
576 639 728 676 admotae,
742 647 836 669 onere
852 638 1059 670 subeuntium
1075 638 1193 676 fractae,
1211 641 1262 677 26,
1278 649 1331 680 45.

260 682 397 722 scalpro
410 682 513 712 fabrili
528 682 716 722 elephantos
731 691 844 713 necare
864 683 974 714 docuit
990 682 1159 721 Asdrubal,
1176 682 1199 713 fi
1214 683 1343 723 quando
1368 681 1457 713 saevi.

307 731 390 762 rent,
409 733 462 763 27,
480 735 533 766 49.

208 801 211 804 ,
261 766 298 800 Ρ.
315 768 501 799 Scantinius
517 769 674 809 pontifex,
693 777 745 807 23,
764 778 816 800 21.

262 811 395 851 Scaptia
410 812 509 842 tribus
525 812 645 849 addita,
665 813 696 848 8,
718 820 765 849 17.

262 853 299 886 Ρ.
311 855 460 894 Scaptius
487 855 632 885 hortatur
656 855 815 895 populum
839 854 1042 891 Romanum,
1061 861 1098 886 ut
1120 864 1246 894 agrurn,
1269 853 1307 884 de
1331 862 1395 894 quo
1417 852 1456 885 lis

307 904 373 927 erat
389 899 470 928 inter
484 899 635 928 Ardeates
651 904 682 928 et
700 899 859 934 Aricinos,
876 897 931 928 fibi
949 898 1122 936 adjudicet,
1140 907 1171 937 3,
1189 906 1241 936 71.

262 940 439 980 Scarphea‚
458 941 531 971 urbs
545 942 697 977 Locridis,
716 950 768 979 33,
789 950 817 979 3.
834 941 900 971 vid.
917 948 945 970 et
962 941 1016 980 36,
1038 951 1088 983 19·

264 983 417 1021 Scaurus,
433 984 499 1014 vid.
517 984 683 1014 AErnilius.
699 983 860 1014 Aurelius.

261 1026 444 1057 Sceleratus
460 1028 563 1064 vicus,
583 1036 612 1063 1,
629 1028 682 1066 48.

263 1068 444 1100 Sceleratus
461 1079 596 1109 campus
611 1069 698 1099 unde
714 1077 835 1098 nomen
847 1068 977 1105 habeat,
992 1070 1025 1106 8,
1047 1078 1096 1109 15.

263 1111 405 1143 Scenam
428 1113 575 1143 aedilibus
599 1111 847 1153 praetoribusque
869 1112 1076 1152 praebendam
1099 1111 1242 1142 censores
1265 1109 1386 1148 locant,
1403 1119 1459 1150 41³,

311 1164 363 1193 32.

264 1197 402 1227 Scenica
416 1207 463 1228 ars
480 1197 617 1227 minime
632 1197 718 1235 apud
735 1196 864 1226 Graecos
880 1197 1005 1236 pudori,
1023 1206 1076 1235 24,
1092 1205 1143 1235 24.

265 1240 391 1270 Scenici
409 1240 475 1269 ludi
491 1241 621 1277 quando
636 1240 750 1270 Romae
766 1240 922 1278 primum,
939 1246 970 1269 et
985 1248 1081 1278 quare
1094 1238 1241 1274 instituti,
1261 1245 1292 1274 7,
1308 1248 1339 1270 2.

265 1283 391 1314 Scenici
408 1283 475 1312 ludi
492 1283 633 1313 Romani
655 1281 828 1321 magnifice
845 1281 917 1312 facti
935 1282 974 1312 ab
991 1281 1137 1312 aedilibus
1161 1280 1338 1318 curulibus,
1356 1290 1410 1320 31,
1426 1289 1458 1319 4.

307 1325 373 1356 vid.
390 1332 418 1355 et
435 1325 526 1356 Ludi.

265 1366 490 1406 Scerdilaedus,
505 1367 689 1409 lllyriorum
706 1377 772 1403 rex,
791 1366 844 1404 26,
862 1377 914 1407 24.
939 1374 993 1405 27,
1011 1376 1062 1407 30.
1088 1368 1141 1404 28,
1159 1374 1189 1406 5.
1207 1372 1296 1406 pater
1310 1365 1460 1402 Pleurati,

312 1420 327 1450 3
337 1421 364 1447 1,
384 1413 435 1442 28.

267 1451 491 1491 Scerdilaedus,
508 1454 630 1490 Gentii‚
648 1453 832 1494 lllyriorum
847 1452 940 1492 regis,
957 1452 1056 1489 filius,
1074 1453 1220 1492 captivus
1243 1451 1382 1482 mittitur
1396 1450 1462 1481 Ro-

311 1506 416 1533 mam,
433 1507 488 1537 44,
507 1507 558 1536 32.

267 1538 444 1576 schoenus,
462 1545 619 1570 mereator
634 1538 835 1576 Perrhaebus,
849 1538 887 1568 de
904 1537 1035 1569 tranfitu
1050 1538 1090 1568 ad
1106 1536 1321 1570 Perrhaebiarn
1335 1535 1464 1567 consul-

310 1589 361 1613 tus
379 1583 419 1612 ab
436 1582 585 1619 AEmilio‚
603 1581 746 1618 consule,
762 1591 817 1620 44,
835 1588 887 1620 35.

267 1624 430 1662 Sciathus,
442 1635 499 1665 44,
520 1634 570 1663 13.
593 1625 667 1655 urbs
683 1624 770 1654 haud
783 1623 945 1663 ignobilis,
957 1632 1010 1662 31,
1028 1624 1080 1654 28.
1103 1622 1250 1660 diruitur,
1267 1621 1339 1652 ibid.
1350 1620 1417 1651 vid.
1433 1627 1462 1651 et

266 1675 387 1750 Sci4p5io‚
405 1709 471 1740 vid.
489 1709 666 1740 Cornelius.

268 1752 376 1794 Scipio
392 1753 551 1783 eburneus
566 1752 652 1782 dono
675 1751 767 1781 datus
790 1749 976 1786 Mafiniffae,
993 1759 1046 1788 30,
1067 1757 1118 1790 15.
1141 1750 1228 1780 dono
1243 1749 1354 1780 miffus
1375 1757 1395 1778 a
1417 1748 1464 1778 se-

311 1803 403 1833 natu,
421 1805 476 1835 31,
497 1806 545 1826 11.
570 1795 654 1825 dono
671 1795 762 1824 datus
780 1794 932 1829 Eumeni,
948 1803 1004 1832 42,
1025 1802 1074 1831 14.

269 1837 387 1876 Sciffis,
405 1839 562 1878 oppidum
582 1838 743 1877 Hispaniae
759 1843 997 1876 expugnatum,
1015 1845 1069 1872 21,
1087 1836 1140 1865 60.
1464 1855 1467 1859 ,

270 1881 401 1918 Scodra,
415 1882 523 1911 Gentii
540 1882 636 1920 regia,
651 1890 706 1919 43,
725 1890 776 1909 22.
798 1890 854 1919 44,
874 1888 925 1917 31.
947 1886 1003 1918 45,
1022 1884 1074 1917 25.
1097 1877 1165 1915 ejus
1178 1875 1266 1912 fitus,
1281 1886 1338 1916 44,
1355 1885 1408 1916 31.
1422 1874 1463 1906 ad

314 1924 383 1962 ejus
397 1924 519 1954 moenia
536 1924 658 1963 Illyrios
674 1924 810 1952 vincunt
827 1922 980 1956 Romani,
997 1921 1069 1950 ibid.
1093 1920 1231 1956 deditur,
1249 1929 1303 1958 32.

271 1966 500 2006 Scodrus,five
515 1966 664 2002 Scordus,
683 1975 791 2003 mons,
807 1975 862 2005 43,
881 1975 931 1996 22.
955 1973 1011 2004 44,
1030 1973 1081 2002 31.

273 2009 473 2044 Scodrenses,
489 2017 541 2048 45,
560 2009 612 2040 26.
869 2032 871 2034 .
891 2014 893 2017 “

271 2052 405 2092 Scopas,
417 2051 600 2081 AEtolorum
615 2057 741 2089 praetor,
759 2051 812 2086 26,
827 2059 879 2089 24.
895 2048 1019 2078 bellum
1035 2047 1129 2077 infert
1144 2048 1353 2076 Acarnanum
1364 2044 1466 2084 genti,

315 2104 368 2135 25.
392 2094 432 2124 ab
448 2103 517 2132 rege
532 2093 707 2126 Ptolemaeo
724 2103 802 2122 cum
827 2101 946 2130 magno
966 2090 1104 2130 pondere
1120 2089 1186 2119 auri
1204 2088 1342 2118 mittitur
1359 2088 1390 2116 in
1408 2087 1466 2117 [Ἑ-

315 2137 443 2174 toliarn‚
470 2147 484 2175 3
495 2147 522 2173 1,
546 2146 601 2176 43.
627 2136 834 2173 juventutem
855 2133 1054 2170 AEtolorum,
1081 2131 1228 2162 mercede
1254 2130 1463 2166 conductam,

317 2181 425 2210 avehit
441 2180 474 2209 in
491 2179 685 2218 AEgyptum,
703 2178 776 2208 ibid.

274 2223 443 2259 Scordisci,
458 2222 582 2262 populi,
598 2231 653 2261 41,
671 2230 722 2259 23.

274 2265 448 2305 Scorpione
464 2264 555 2301 ic'tus,
570 2264 624 2303 qui
641 2264 807 2303 proximus
820 2258 1017 2291 Annibalem
1031 2259 1069 2289 ad
1085 2259 1200 2289 Locros
1217 2259 1353 2293 steterat,
1367 2265 1417 2296 24,
1436 2262 1465 2292 7.

273 2308 463 2346 Scorpiones
479 2307 614 2345 majores
629 2312 660 2336 et
676 2306 828 2340 minores,
849 2303 900 2337 26,
917 2310 971 2341 47.
993 2303 1210 2341 scorpionum
1224 2301 1257 2331 in
1273 2299 1466 2338 Carthagine

318 2351 412 2381 Nova
427 2355 612 2390 expugnata
628 2354 821 2387 repertorum
838 2354 1003 2380 numerus,
1019 2344 1091 2376 ibid.

275 2392 460 2424 Scortorum
473 2400 581 2433 raptus
597 2390 720 2422 bellum
735 2390 891 2425 excitans,
910 2398 941 2426 2,
962 2388 1011 2419 18.
