1572 2616
237 147 290 190 72
578 148 745 178 INDEX
781 149 836 178 IN
871 151 918 179 T.
944 151 1080 181 mvn

235 228 370 260 curules
382 229 469 268 equi,
488 238 540 269 24,
561 229 611 260 18.

235 272 357 309 Cusibi,
373 273 531 312 oppidum
549 272 724 312 Hispaniae,
743 279 797 312 35,
816 282 866 305 22.

233 316 376 352 Cutiliae,
393 317 445 353 26,
466 325 513 346 11.

234 359 367 397 Cutina,
381 359 537 398 oppidum
553 358 769 395 Vestinorum,
786 359 909 399 capitur
923 368 942 389 a
957 359 1126 397 Romanis,
1140 361 1173 397 8,
1190 369 1241 399 29.

233 403 415 442 Cyatidem,
433 411 539 431 arcem
553 402 767 439 Samaemum,
782 410 943 442 occupant
957 403 1109 440 Romani,
1129 404 1182 444 38,
1200 413 1250 444 29.

232 445 446 485 Cybiosaffles,
462 445 528 475 vid.
543 445 707 475 Seleucus.

233 488 402 529 Cyclades,
420 488 543 524 insulae,
557 497 609 527 34,
629 489 678 519 26.
696 489 746 526 36,
757 497 811 527 43.
833 497 889 528 44,
905 490 1000 520 28.et
1015 498 1065 528 29.
1089 489 1173 528 regio
1197 489 1277 519 inter
1300 488 1416 530 Cycla-

277 532 333 561 das
353 532 396 561 est
412 531 637 568 ventofiffima,
653 531 737 561 fretis
763 531 841 561 alias
864 531 1051 570 majoribus,
1068 532 1145 562 alias
1169 532 1345 563 minoribus
1369 533 1417 563 di-

275 575 355 611 visa,
374 575 426 612 36,
442 584 496 613 43.

232 617 414 659 Cycliadas,
432 623 545 657 praetor
560 617 769 653 Achaeorum,
787 624 840 654 27,
858 626 909 656 31.
931 617 1068 657 Philippi
1086 616 1332 657 postulationem
1348 618 1416 648 elu-

276 661 335 697 dit,
354 670 408 699 31,
425 667 476 700 25.
499 661 628 690 trahens
644 669 690 690 res
707 661 746 691 ad
762 660 962 700 Philippum,
978 661 1161 701 expellitur,
1181 670 1233 699 32,
1254 671 1302 700 19.
1329 661 1415 702 apud

277 704 464 743 Philippum
480 703 581 739 exsul,
599 713 648 742 32.

233 748 352 788 Cydas,
369 747 437 777 dux
453 747 682 787 Gortyniorum
701 745 912 782 Cretensium,
932 745 1039 786 jungit
1055 746 1084 776 se
1101 746 1247 783 Quintio,
1265 756 1318 786 33,
1334 756 1364 786 3.

231 791 335 831 Cydas
361 789 528 826 Cretensis,
555 799 595 819 ex
620 789 743 818 intimis
765 789 930 826 Eumenis,
945 800 1000 829 44,
1019 799 1070 828 24.
1094 799 1148 829 per
1172 799 1249 820 eum
1271 790 1412 820 trafiatae

279 835 360 864 inter
376 833 558 864 Eumenem
574 839 604 862 et
620 832 726 862 Persea
736 833 934 862 conditiones
947 833 1112 868 amicitiae,
1134 841 1182 870 13.

231 876 419 917 Cydoniatae
441 876 588 906 adversus
604 875 775 916 Gortynios
790 882 821 904 et
837 875 982 905 Gnoffios
1006 875 1127 906 bellum
1143 881 1270 914 gerunt,
1289 883 1341 915 37,
1360 877 1411 906 60.

278 919 350 950 Vid.
368 927 395 950 et
412 920 496 959 Epit.
532 921 563 949 8.

230 963 407 1003 Cylarabis,
424 930 629 1004 gymxiaflum
645 967 802 991 trecentos
817 960 921 1001 passus
937 961 976 991 ab
992 962 1096 1001 Argis,
1117 971 1169 1002 34,
1187 963 1239 994 26.

227 1006 373 1046 Cyllene,
388 1015 441 1044 27,
460 1016 510 1044 32.

230 1050 347 1090 Cyme,
365 1050 451 1086 urbs,
466 1049 575 1079 deficit
590 1048 629 1078 ad
645 1048 831 1085 Seleucum,
849 1055 902 1086 37,
923 1058 935 1078 1
946 1057 973 1078 1.

229 1093 368 1132 Cymaei,
383 1093 435 1131 38,
455 1102 506 1131 39·

229 1135 383 1175 Cymines
396 1136 503 1175 oppidi
522 1134 688 1174 potiuntur
697 1133 811 1170 AEtoli,
829 1143 882 1171 32,
900 1143 949 1172 13.

229 1178 435 1218 Cynosarges,
451 1177 610 1217 templum
629 1176 788 1212 Herculis,
805 1177 986 1206 incenditur
1001 1184 1020 1205 a
1035 1175 1196 1215 Philippo,
1215 1185 1268 1214 31,
1284 1185 1334 1214 24.

227 1221 491 1262 Cynoscephalae,
516 1219 649 1255 tumuli,
669 1228 722 1257 33,
743 1227 770 1256 7.
794 1219 837 1248 ibi
862 1228 980 1258 magna
1002 1228 1112 1258 pugna
1132 1219 1270 1249 vincitur
1292 1219 1411 1259 Philip-

272 1273 343 1304 pus,
360 1273 475 1302 7—10.
488 1263 554 1293 vid.
570 1270 598 1291 et
618 1263 666 1292 16.
683 1269 711 1291 et
728 1263 781 1300 36,
801 1263 831 1293 8.

226 1307 350 1347 Cynus,
365 1307 549 1346 emporium
565 1306 798 1345 Opuntiorum,
815 1305 867 1341 28,
886 1305 915 1335 6.

226 1350 372 1390 Cypaera‚
388 1351 474 1386 urbs,
491 1351 615 1389 capitur
631 1348 670 1378 ab
686 1349 863 1385 Antiocho,
878 1349 931 1387 36,
951 1357 1000 1378 10.

227 1394 388 1433 Cyphara,
403 1403 455 1432 32,
476 1402 526 1431 13.

225 1437 361 1476 Cyprius
378 1437 467 1466 vicus
484 1436 609 1469 Romae,
629 1445 659 1472 1,
677 1440 730 1472 47.

225 1481 361 1520 Cyprus,
391 1479 504 1516 insula,
524 1488 645 1518 33,41.
677 1478 822 1517 Cyprum
849 1475 943 1506 claffe
967 1475 1070 1513 missa,
1086 1475 1267 1507 Antiochus
1293 1484 1331 1506 ea
1348 1475 1403 1506 sibi

269 1523 337 1552 cedi
357 1522 573 1562 postulat,45‚
592 1530 641 1550 11.
669 1520 738 1557 Vzd.
754 1528 781 1550 et
799 1520 880 1559 Epit
899 1526 1041 1558 59.104.

222 1565 369 1606 Cypsela,
384 1565 563 1600 castellum,
579 1570 719 1602 occupat
729 1563 905 1604 Philippus,
924 1571 975 1600 31,
997 1562 1044 1592 16.
1061 1560 1125 1591 vid.
1139 1567 1166 1590 et
1183 1561 1236 1600 38,
1252 1570 1307 1600 40.

223 1609 369 1648 Cyrenae,
387 1608 471 1643 urbs,
489 1617 540 1646 23,
562 1615 611 1636 10.

223 1652 373 1692 Cyretiae,
390 1651 485 1681 urbs
480 1661 511 1680 m
527 1648 699 1686 Theffalia,
716 1648 838 1688 capitur
862 1657 880 1678 a
901 1647 1069 1685 Romanis,
1089 1655 1139 1685 31,
1156 1654 1208 1685 41
1226 1645 1292 1677 vid.
1310 1652 1338 1676 et
1350 1647 1404 1686 36

267 1704 316 1725 10.
331 1701 359 1724 tt
377 1703 426 1732 13.
443 1701 540 1733 et42,
558 1700 609 1732 53.

224 1738 338 1779 Cyrtaei
355 1738 544 1775 funditores,
563 1744 615 1775 37,
629 1744 682 1774 40.

224 1781 335 1821 Cyrtii,
347 1790 403 1820 42,
419 1782 470 1819 58.

220 1825 337 1864 Cyrus,
351 1833 405 1853 rex
422 1823 596 1857 Persarum,
613 1832 647 1862 9,
668 1828 718 1858 17.

221 1867 344 1907 CyffuS‚
359 1873 466 1905 portus
479 1866 731 1905 Erythraeorum,
750 1864 803 1901 36,
819 1870 873 1902 43.

221 1910 382 1949 Cythnus,
400 1909 511 1945 insula,
530 1918 580 1947 31,
600 1915 649 1947 15.
665 1913 696 1936 et
711 1915 764 1946 45.

222 1953 371 1993 Cyzicus,
385 1951 472 1990 urbs,
488 1961 544 1991 41,
562 1957 614 1990 25.
638 1950 721 1990 Epit.
739 1956 790 1989 95.

783 2116 825 2146 D.

218 2236 442 2289 DAEDALA‚
459 2252 637 2288 castellum,
655 2259 707 2290 37,
727 2261 776 2281 22.

217 2296 334 2333 Dahae,
351 2296 476 2335 populi,
494 2303 547 2335 35,
563 2297 616 2335 48.

216 2339 333 2374 Dahae,
343 2340 465 2378 equites
482 2338 642 2377 sagittarii,
659 2344 710 2376 37,
727 2338 777 2376 38.
794 2342 824 2366 et
839 2344 893 2374 40.

217 2382 378 2413 Dalmatae
395 2391 470 2421 pop.
494 2382 576 2421 Epit.
594 2388 647 2420 47.
665 2382 717 2412 62.
738 2389 807 2420 131.
828 2388 898 2418 13²·
919 2387 988 2418 139·
