<?xml version="1.0" encoding="UTF-8"?>
<!DOCTYPE html PUBLIC "-//W3C//DTD XHTML 1.0 Transitional//EN"
    "http://www.w3.org/TR/xhtml1/DTD/xhtml1-transitional.dtd">
<html xmlns="http://www.w3.org/1999/xhtml" xml:lang="en" lang="en">
 <head>
  <title>
</title>
<meta http-equiv="Content-Type" content="text/html;charset=utf-8" />
  <meta name='ocr-system' content='tesseract 3.04.00' />
  <meta name='ocr-capabilities' content='ocr_page ocr_carea ocr_par ocr_line ocrx_word'/>
</head>
<body>
  <div class='ocr_page' id='page_1' title='image "./historiarumquaes05livyuoft_0465.png"; bbox 0 0 1572 2616; ppageno 0'>
   <div class='ocr_carea' id='block_1_1' title="bbox 477 84 1311 140">
    <p class='ocr_par' dir='ltr' id='par_1_1' title="bbox 477 84 1311 140">
     <span class='ocr_line' id='line_1_1' title="bbox 477 84 1311 140; baseline -0.006 -9"><span class='ocrx_word' id='word_1_1' title='bbox 477 101 711 131; x_wconf 66' lang='lat' dir='ltr'>PLEBmAE</span> <span class='ocrx_word' id='word_1_2' title='bbox 749 99 968 130; x_wconf 79' lang='lat' dir='ltr'>GENTES.</span> <span class='ocrx_word' id='word_1_3' title='bbox 1235 84 1311 140; x_wconf 80' lang='lat'>163</span> 
     </span>
    </p>
   </div>
   <div class='ocr_carea' id='block_1_2' title="bbox 126 176 1330 2351">
    <p class='ocr_par' dir='ltr' id='par_1_2' title="bbox 126 176 1330 1875">
     <span class='ocr_line' id='line_1_2' title="bbox 126 176 1318 218; baseline -0.004 -7"><span class='ocrx_word' id='word_1_4' title='bbox 126 180 162 212; x_wconf 82' lang='lat' dir='ltr'>C.</span> <span class='ocrx_word' id='word_1_5' title='bbox 180 181 347 213; x_wconf 85' lang='lat' dir='ltr'>MARlUS</span> <span class='ocrx_word' id='word_1_6' title='bbox 364 181 401 213; x_wconf 88' lang='lat' dir='ltr'>C.</span> <span class='ocrx_word' id='word_1_7' title='bbox 418 181 452 213; x_wconf 78' lang='lat' dir='ltr'>F.</span> <span class='ocrx_word' id='word_1_8' title='bbox 469 184 487 203; x_wconf 72' lang='lat'>²*</span> <span class='ocrx_word' id='word_1_9' title='bbox 499 182 542 212; x_wconf 91' lang='lat' dir='ltr'>N.</span> <span class='ocrx_word' id='word_1_10' title='bbox 578 180 666 211; x_wconf 83' lang='lat' dir='ltr'>Bello</span> <span class='ocrx_word' id='word_1_11' title='bbox 688 179 895 211; x_wconf 81' lang='lat' dir='ltr'>Numantino</span> <span class='ocrx_word' id='word_1_12' title='bbox 911 178 1062 218; x_wconf 85' lang='lat' dir='ltr'>Scipione</span> <span class='ocrx_word' id='word_1_13' title='bbox 1079 177 1267 217; x_wconf 73' lang='lat' dir='ltr'>imperatore</span> <span class='ocrx_word' id='word_1_14' title='bbox 1284 176 1318 206; x_wconf 87' lang='lat' dir='ltr'>in</span> 
     </span>
     <span class='ocr_line' id='line_1_3' title="bbox 130 221 1317 264; baseline -0.003 -11"><span class='ocrx_word' id='word_1_15' title='bbox 130 224 283 264; x_wconf 75' lang='lat' dir='ltr'>Hispania</span> <span class='ocrx_word' id='word_1_16' title='bbox 312 227 440 261; x_wconf 85' lang='lat' dir='ltr'>meruit,</span> <span class='ocrx_word' id='word_1_17' title='bbox 468 225 590 254; x_wconf 82' lang='lat' dir='ltr'>hostem</span> <span class='ocrx_word' id='word_1_18' title='bbox 620 234 659 253; x_wconf 86' lang='lat' dir='ltr'>ex</span> <span class='ocrx_word' id='word_1_19' title='bbox 688 224 913 262; x_wconf 80' lang='lat' dir='ltr'>provocatione</span> <span class='ocrx_word' id='word_1_20' title='bbox 941 222 1071 252; x_wconf 88' lang='lat' dir='ltr'>occidit.</span> <span class='ocrx_word' id='word_1_21' title='bbox 1115 221 1317 250; x_wconf 76' lang='lat' dir='ltr'>Plutarchus,</span> 
     </span>
     <span class='ocr_line' id='line_1_4' title="bbox 127 262 1319 308; baseline -0.003 -13"><span class='ocrx_word' id='word_1_22' title='bbox 127 266 238 298; x_wconf 81' lang='lat' dir='ltr'>Cicero</span> <span class='ocrx_word' id='word_1_23' title='bbox 254 278 309 308; x_wconf 88' lang='lat' dir='ltr'>pro</span> <span class='ocrx_word' id='word_1_24' title='bbox 326 268 474 298; x_wconf 85' lang='lat' dir='ltr'>Cornelio</span> <span class='ocrx_word' id='word_1_25' title='bbox 493 268 601 297; x_wconf 80' lang='lat' dir='ltr'>Balbo.</span> <span class='ocrx_word' id='word_1_26' title='bbox 646 266 810 296; x_wconf 83' lang='lat' dir='ltr'>Tribunus</span> <span class='ocrx_word' id='word_1_27' title='bbox 833 265 876 304; x_wconf 85' lang='lat' dir='ltr'>pl.</span> <span class='ocrx_word' id='word_1_28' title='bbox 894 265 1001 300; x_wconf 85' lang='lat' dir='ltr'>Cotta,</span> <span class='ocrx_word' id='word_1_29' title='bbox 1020 263 1152 294; x_wconf 81' lang='lat' dir='ltr'>Metello</span> <span class='ocrx_word' id='word_1_30' title='bbox 1174 273 1256 292; x_wconf 70' lang='lat' dir='ltr'>cos&#39;S.</span> <span class='ocrx_word' id='word_1_31' title='bbox 1274 262 1319 291; x_wconf 84' lang='lat' dir='ltr'>le-</span> 
     </span>
     <span class='ocr_line' id='line_1_5' title="bbox 127 305 1317 349; baseline -0.004 -10"><span class='ocrx_word' id='word_1_32' title='bbox 127 318 199 347; x_wconf 84' lang='lat' dir='ltr'>gem</span> <span class='ocrx_word' id='word_1_33' title='bbox 217 312 255 341; x_wconf 89' lang='lat' dir='ltr'>de</span> <span class='ocrx_word' id='word_1_34' title='bbox 273 312 423 349; x_wconf 75' lang='lat' dir='ltr'>suffragiis</span> <span class='ocrx_word' id='word_1_35' title='bbox 447 310 530 341; x_wconf 86' lang='lat' dir='ltr'>tulit.</span> <span class='ocrx_word' id='word_1_36' title='bbox 575 309 773 340; x_wconf 77' lang='lat' dir='ltr'>Plutarchus.</span> <span class='ocrx_word' id='word_1_37' title='bbox 819 308 929 338; x_wconf 82' lang='lat' dir='ltr'>Cicero</span> <span class='ocrx_word' id='word_1_38' title='bbox 952 307 1031 337; x_wconf 87' lang='lat' dir='ltr'>libro</span> <span class='ocrx_word' id='word_1_39' title='bbox 1054 307 1093 337; x_wconf 82' lang='lat' dir='ltr'>&lt;le</span> <span class='ocrx_word' id='word_1_40' title='bbox 1116 306 1254 344; x_wconf 81' lang='lat' dir='ltr'>Legibus</span> <span class='ocrx_word' id='word_1_41' title='bbox 1272 305 1317 334; x_wconf 88' lang='lat' dir='ltr'>iii.</span> 
     </span>
     <span class='ocr_line' id='line_1_6' title="bbox 127 350 1320 392; baseline -0.002 -12"><span class='ocrx_word' id='word_1_42' title='bbox 127 352 164 380; x_wconf 90' lang='lat' dir='ltr'>ln</span> <span class='ocrx_word' id='word_1_43' title='bbox 181 354 331 384; x_wconf 80' lang='lat' dir='ltr'>aedilitate</span> <span class='ocrx_word' id='word_1_44' title='bbox 347 354 396 383; x_wconf 82' lang='lat' dir='ltr'>bis</span> <span class='ocrx_word' id='word_1_45' title='bbox 412 353 567 392; x_wconf 73' lang='lat' dir='ltr'>repulsam</span> <span class='ocrx_word' id='word_1_46' title='bbox 583 352 668 382; x_wconf 80' lang='lat' dir='ltr'>tulit.</span> <span class='ocrx_word' id='word_1_47' title='bbox 714 352 826 381; x_wconf 87' lang='lat' dir='ltr'>Cicero</span> <span class='ocrx_word' id='word_1_48' title='bbox 850 360 905 388; x_wconf 81' lang='lat' dir='ltr'>pro</span> <span class='ocrx_word' id='word_1_49' title='bbox 927 350 1071 380; x_wconf 77' lang='lat' dir='ltr'>Plancio.</span> <span class='ocrx_word' id='word_1_50' title='bbox 1117 350 1162 379; x_wconf 85' lang='lat' dir='ltr'>Ex</span> <span class='ocrx_word' id='word_1_51' title='bbox 1182 355 1320 387; x_wconf 82' lang='lat' dir='ltr'>praetura</span> 
     </span>
     <span class='ocr_line' id='line_1_7' title="bbox 126 391 1320 434; baseline -0.003 -11"><span class='ocrx_word' id='word_1_52' title='bbox 126 393 317 434; x_wconf 78' lang='lat' dir='ltr'>Hispaniam</span> <span class='ocrx_word' id='word_1_53' title='bbox 335 397 470 432; x_wconf 78' lang='lat' dir='ltr'>sortitus,</span> <span class='ocrx_word' id='word_1_54' title='bbox 489 396 687 434; x_wconf 81' lang='lat' dir='ltr'>provinciam</span> <span class='ocrx_word' id='word_1_55' title='bbox 704 395 866 424; x_wconf 83' lang='lat' dir='ltr'>lberorum</span> <span class='ocrx_word' id='word_1_56' title='bbox 885 394 1059 423; x_wconf 86' lang='lat' dir='ltr'>latrociniis</span> <span class='ocrx_word' id='word_1_57' title='bbox 1075 392 1231 422; x_wconf 79' lang='lat' dir='ltr'>liberavit.</span> <span class='ocrx_word' id='word_1_58' title='bbox 1261 391 1320 420; x_wconf 84' lang='lat' dir='ltr'>Le-</span> 
     </span>
     <span class='ocr_line' id='line_1_8' title="bbox 126 434 1321 477; baseline -0.002 -11"><span class='ocrx_word' id='word_1_59' title='bbox 126 444 218 474; x_wconf 80' lang='lat' dir='ltr'>gatus</span> <span class='ocrx_word' id='word_1_60' title='bbox 235 448 311 469; x_wconf 87' lang='lat' dir='ltr'>cum</span> <span class='ocrx_word' id='word_1_61' title='bbox 331 439 462 468; x_wconf 81' lang='lat' dir='ltr'>Metello</span> <span class='ocrx_word' id='word_1_62' title='bbox 479 440 667 477; x_wconf 81' lang='lat' dir='ltr'>imperatore</span> <span class='ocrx_word' id='word_1_63' title='bbox 682 438 721 467; x_wconf 90' lang='lat' dir='ltr'>ad</span> <span class='ocrx_word' id='word_1_64' title='bbox 737 437 953 466; x_wconf 85' lang='lat' dir='ltr'>Numidicum</span> <span class='ocrx_word' id='word_1_65' title='bbox 969 435 1092 466; x_wconf 90' lang='lat' dir='ltr'>bellum</span> <span class='ocrx_word' id='word_1_66' title='bbox 1115 434 1283 475; x_wconf 66' lang='lat' dir='ltr'>profthus,</span> <span class='ocrx_word' id='word_1_67' title='bbox 1301 443 1321 464; x_wconf 87' lang='lat' dir='ltr'>a</span> 
     </span>
     <span class='ocr_line' id='line_1_9' title="bbox 127 478 1322 520; baseline -0.004 -8"><span class='ocrx_word' id='word_1_68' title='bbox 127 489 193 517; x_wconf 81' lang='lat' dir='ltr'>quo</span> <span class='ocrx_word' id='word_1_69' title='bbox 209 491 312 520; x_wconf 88' lang='lat' dir='ltr'>quum</span> <span class='ocrx_word' id='word_1_70' title='bbox 323 481 468 511; x_wconf 78' lang='lat' dir='ltr'>&#39;Romam</span> <span class='ocrx_word' id='word_1_71' title='bbox 488 480 595 510; x_wconf 76' lang='lat' dir='ltr'>missus</span> <span class='ocrx_word' id='word_1_72' title='bbox 612 480 697 516; x_wconf 71' lang='lat' dir='ltr'>esset,</span> <span class='ocrx_word' id='word_1_73' title='bbox 715 480 903 509; x_wconf 83' lang='lat' dir='ltr'>criminatus</span> <span class='ocrx_word' id='word_1_74' title='bbox 925 480 982 515; x_wconf 85' lang='lat' dir='ltr'>est,</span> <span class='ocrx_word' id='word_1_75' title='bbox 1000 478 1122 508; x_wconf 88' lang='lat' dir='ltr'>bellum</span> <span class='ocrx_word' id='word_1_76' title='bbox 1140 478 1232 508; x_wconf 85' lang='lat' dir='ltr'>illurn</span> <span class='ocrx_word' id='word_1_77' title='bbox 1250 486 1322 516; x_wconf 87' lang='lat' dir='ltr'>pro-</span> 
     </span>
     <span class='ocr_line' id='line_1_10' title="bbox 126 522 1323 562; baseline -0.002 -11"><span class='ocrx_word' id='word_1_78' title='bbox 126 522 269 562; x_wconf 83' lang='lat' dir='ltr'>ducere;</span> <span class='ocrx_word' id='word_1_79' title='bbox 292 523 333 558; x_wconf 82' lang='lat' dir='ltr'>se,</span> <span class='ocrx_word' id='word_1_80' title='bbox 359 523 379 553; x_wconf 79' lang='lat' dir='ltr'>si</span> <span class='ocrx_word' id='word_1_81' title='bbox 406 524 571 553; x_wconf 78' lang='lat' dir='ltr'>consulem</span> <span class='ocrx_word' id='word_1_82' title='bbox 598 523 752 559; x_wconf 70' lang='lat' dir='ltr'>fecissent,</span> <span class='ocrx_word' id='word_1_83' title='bbox 776 523 861 552; x_wconf 87' lang='lat' dir='ltr'>brevi</span> <span class='ocrx_word' id='word_1_84' title='bbox 886 529 1029 561; x_wconf 86' lang='lat' dir='ltr'>tempore</span> <span class='ocrx_word' id='word_1_85' title='bbox 1051 529 1107 551; x_wconf 88' lang='lat' dir='ltr'>aut</span> <span class='ocrx_word' id='word_1_86' title='bbox 1130 522 1240 550; x_wconf 87' lang='lat' dir='ltr'>vivum</span> <span class='ocrx_word' id='word_1_87' title='bbox 1265 526 1323 549; x_wconf 89' lang='lat' dir='ltr'>aut</span> 
     </span>
     <span class='ocr_line' id='line_1_11' title="bbox 127 564 1323 605; baseline -0.002 -11"><span class='ocrx_word' id='word_1_88' title='bbox 127 573 294 596; x_wconf 88' lang='lat' dir='ltr'>mortuum</span> <span class='ocrx_word' id='word_1_89' title='bbox 306 567 500 604; x_wconf 66' lang='lat' dir='ltr'>,Iugurtham</span> <span class='ocrx_word' id='word_1_90' title='bbox 520 567 551 596; x_wconf 86' lang='lat' dir='ltr'>in</span> <span class='ocrx_word' id='word_1_91' title='bbox 568 565 678 605; x_wconf 84' lang='lat' dir='ltr'>populi</span> <span class='ocrx_word' id='word_1_92' title='bbox 697 565 736 595; x_wconf 79' lang='lat' dir='ltr'>R.</span> <span class='ocrx_word' id='word_1_93' title='bbox 754 566 940 604; x_wconf 81' lang='lat' dir='ltr'>potestatem</span> <span class='ocrx_word' id='word_1_94' title='bbox 958 564 1169 594; x_wconf 66' lang='lat' dir='ltr'>redaaurum.</span> <span class='ocrx_word' id='word_1_95' title='bbox 1210 564 1323 602; x_wconf 84' lang='lat' dir='ltr'>ltaque</span> 
     </span>
     <span class='ocr_line' id='line_1_12' title="bbox 126 606 1324 646; baseline -0.001 -10"><span class='ocrx_word' id='word_1_96' title='bbox 126 615 192 637; x_wconf 89' lang='lat' dir='ltr'>cos.</span> <span class='ocrx_word' id='word_1_97' title='bbox 210 608 310 639; x_wconf 63' lang='lat' dir='ltr'>faetus</span> <span class='ocrx_word' id='word_1_98' title='bbox 327 611 369 639; x_wconf 79' lang='lat' dir='ltr'>est</span> <span class='ocrx_word' id='word_1_99' title='bbox 385 618 463 639; x_wconf 91' lang='lat' dir='ltr'>cum</span> <span class='ocrx_word' id='word_1_100' title='bbox 480 610 514 639; x_wconf 89' lang='lat' dir='ltr'>L.</span> <span class='ocrx_word' id='word_1_101' title='bbox 530 608 645 644; x_wconf 71' lang='lat' dir='ltr'>Canio,</span> <span class='ocrx_word' id='word_1_102' title='bbox 662 617 748 638; x_wconf 89' lang='lat' dir='ltr'>anno</span> <span class='ocrx_word' id='word_1_103' title='bbox 765 609 838 646; x_wconf 72' lang='lat'>646.</span> <span class='ocrx_word' id='word_1_104' title='bbox 885 607 1095 637; x_wconf 74' lang='lat' dir='ltr'>Calliodorus.</span> <span class='ocrx_word' id='word_1_105' title='bbox 1139 607 1250 636; x_wconf 88' lang='lat' dir='ltr'>Cicero</span> <span class='ocrx_word' id='word_1_106' title='bbox 1264 606 1324 635; x_wconf 87' lang='lat' dir='ltr'>lib.</span> 
     </span>
     <span class='ocr_line' id='line_1_13' title="bbox 127 649 1325 688; baseline -0.001 -9"><span class='ocrx_word' id='word_1_107' title='bbox 127 649 167 679; x_wconf 87' lang='lat' dir='ltr'>de</span> <span class='ocrx_word' id='word_1_108' title='bbox 183 651 307 681; x_wconf 84' lang='lat' dir='ltr'>Officiis</span> <span class='ocrx_word' id='word_1_109' title='bbox 324 653 426 681; x_wconf 86' lang='lat' dir='ltr'>tertio.</span> <span class='ocrx_word' id='word_1_110' title='bbox 472 651 508 681; x_wconf 92' lang='lat' dir='ltr'>In</span> <span class='ocrx_word' id='word_1_111' title='bbox 526 652 668 681; x_wconf 81' lang='lat' dir='ltr'>Africam</span> <span class='ocrx_word' id='word_1_112' title='bbox 691 660 767 680; x_wconf 91' lang='lat' dir='ltr'>curn</span> <span class='ocrx_word' id='word_1_113' title='bbox 783 650 924 680; x_wconf 83' lang='lat' dir='ltr'>exercitu</span> <span class='ocrx_word' id='word_1_114' title='bbox 943 650 1111 688; x_wconf 60' lang='lat' dir='ltr'>profectus,</span> <span class='ocrx_word' id='word_1_115' title='bbox 1127 650 1325 688; x_wconf 60' lang='lat' dir='ltr'>„Iugurtham</span> 
     </span>
     <span class='ocr_line' id='line_1_14' title="bbox 126 692 1322 732; baseline 0.001 -11"><span class='ocrx_word' id='word_1_116' title='bbox 126 698 159 721; x_wconf 77' lang='lat' dir='ltr'>et</span> <span class='ocrx_word' id='word_1_117' title='bbox 184 693 354 724; x_wconf 85' lang='lat' dir='ltr'>Bocchum</span> <span class='ocrx_word' id='word_1_118' title='bbox 383 694 572 724; x_wconf 87' lang='lat' dir='ltr'>Maurorum</span> <span class='ocrx_word' id='word_1_119' title='bbox 597 703 703 732; x_wconf 84' lang='lat' dir='ltr'>regem</span> <span class='ocrx_word' id='word_1_120' title='bbox 733 693 843 723; x_wconf 82' lang='lat' dir='ltr'>multis</span> <span class='ocrx_word' id='word_1_121' title='bbox 865 692 983 732; x_wconf 83' lang='lat' dir='ltr'>proeliis</span> <span class='ocrx_word' id='word_1_122' title='bbox 1007 693 1104 722; x_wconf 83' lang='lat' dir='ltr'>vicit:</span> <span class='ocrx_word' id='word_1_123' title='bbox 1127 693 1322 731; x_wconf 67' lang='lat' dir='ltr'>jugurtham</span> 
     </span>
     <span class='ocr_line' id='line_1_15' title="bbox 127 735 1322 775; baseline 0 -12"><span class='ocrx_word' id='word_1_124' title='bbox 127 735 241 766; x_wconf 71' lang='lat' dir='ltr'>vivum</span> <span class='ocrx_word' id='word_1_125' title='bbox 269 747 287 767; x_wconf 89' lang='lat' dir='ltr'>a</span> <span class='ocrx_word' id='word_1_126' title='bbox 315 737 457 773; x_wconf 83' lang='lat' dir='ltr'>Boccho,</span> <span class='ocrx_word' id='word_1_127' title='bbox 482 736 580 766; x_wconf 85' lang='lat' dir='ltr'>Sullae</span> <span class='ocrx_word' id='word_1_128' title='bbox 604 746 712 775; x_wconf 88' lang='lat' dir='ltr'>opera,</span> <span class='ocrx_word' id='word_1_129' title='bbox 739 736 877 775; x_wconf 84' lang='lat' dir='ltr'>accepit,</span> <span class='ocrx_word' id='word_1_130' title='bbox 905 735 1008 774; x_wconf 82' lang='lat' dir='ltr'>deque</span> <span class='ocrx_word' id='word_1_131' title='bbox 1035 745 1072 764; x_wconf 89' lang='lat' dir='ltr'>co</span> <span class='ocrx_word' id='word_1_132' title='bbox 1098 735 1322 773; x_wconf 81' lang='lat' dir='ltr'>triumphavit.</span> 
     </span>
     <span class='ocr_line' id='line_1_16' title="bbox 130 777 1324 818; baseline 0 -11"><span class='ocrx_word' id='word_1_133' title='bbox 130 778 298 809; x_wconf 82' lang='lat' dir='ltr'>Sallustius</span> <span class='ocrx_word' id='word_1_134' title='bbox 313 780 347 809; x_wconf 88' lang='lat' dir='ltr'>in</span> <span class='ocrx_word' id='word_1_135' title='bbox 361 779 512 818; x_wconf 86' lang='lat' dir='ltr'>Jugurth.</span> <span class='ocrx_word' id='word_1_136' title='bbox 557 778 706 817; x_wconf 87' lang='lat' dir='ltr'>Epitome</span> <span class='ocrx_word' id='word_1_137' title='bbox 722 778 800 808; x_wconf 80' lang='lat' dir='ltr'>lxvi.</span> <span class='ocrx_word' id='word_1_138' title='bbox 844 777 954 808; x_wconf 85' lang='lat' dir='ltr'>Florus</span> <span class='ocrx_word' id='word_1_139' title='bbox 970 777 1049 807; x_wconf 89' lang='lat' dir='ltr'>libro</span> <span class='ocrx_word' id='word_1_140' title='bbox 1067 778 1110 807; x_wconf 90' lang='lat' dir='ltr'>iii.</span> <span class='ocrx_word' id='word_1_141' title='bbox 1150 778 1324 816; x_wconf 71' lang='lat' dir='ltr'>Eutropius</span> 
     </span>
     <span class='ocr_line' id='line_1_17' title="bbox 129 820 1325 861; baseline 0.001 -12"><span class='ocrx_word' id='word_1_142' title='bbox 129 820 211 851; x_wconf 88' lang='lat' dir='ltr'>libro</span> <span class='ocrx_word' id='word_1_143' title='bbox 228 822 269 852; x_wconf 90' lang='lat' dir='ltr'>iv.</span> <span class='ocrx_word' id='word_1_144' title='bbox 292 821 420 852; x_wconf 78' lang='lat' dir='ltr'>Orosius</span> <span class='ocrx_word' id='word_1_145' title='bbox 436 821 517 851; x_wconf 89' lang='lat' dir='ltr'>libro</span> <span class='ocrx_word' id='word_1_146' title='bbox 534 831 565 852; x_wconf 90' lang='lat' dir='ltr'>v.</span> <span class='ocrx_word' id='word_1_147' title='bbox 581 830 653 860; x_wconf 90' lang='lat' dir='ltr'>cap.</span> <span class='ocrx_word' id='word_1_148' title='bbox 670 831 719 861; x_wconf 88' lang='lat'>14.</span> <span class='ocrx_word' id='word_1_149' title='bbox 749 821 822 851; x_wconf 91' lang='lat' dir='ltr'>Cos.</span> <span class='ocrx_word' id='word_1_150' title='bbox 838 820 955 850; x_wconf 82' lang='lat' dir='ltr'>iterum</span> <span class='ocrx_word' id='word_1_151' title='bbox 972 820 1081 850; x_wconf 86' lang='lat' dir='ltr'>absens</span> <span class='ocrx_word' id='word_1_152' title='bbox 1098 828 1222 850; x_wconf 84' lang='lat' dir='ltr'>creatus</span> <span class='ocrx_word' id='word_1_153' title='bbox 1245 829 1325 850; x_wconf 83' lang='lat' dir='ltr'>cum</span> 
     </span>
     <span class='ocr_line' id='line_1_18' title="bbox 130 863 1326 902; baseline -0.001 -9"><span class='ocrx_word' id='word_1_154' title='bbox 130 864 168 893; x_wconf 91' lang='lat' dir='ltr'>C.</span> <span class='ocrx_word' id='word_1_155' title='bbox 184 863 306 902; x_wconf 86' lang='lat' dir='ltr'>Flavio,</span> <span class='ocrx_word' id='word_1_156' title='bbox 320 874 406 894; x_wconf 88' lang='lat' dir='ltr'>anno</span> <span class='ocrx_word' id='word_1_157' title='bbox 424 866 497 902; x_wconf 81' lang='lat'>649.</span> <span class='ocrx_word' id='word_1_158' title='bbox 521 863 732 894; x_wconf 79' lang='lat' dir='ltr'>Cassiodorus.</span> <span class='ocrx_word' id='word_1_159' title='bbox 754 863 911 894; x_wconf 81' lang='lat' dir='ltr'>Asconius</span> <span class='ocrx_word' id='word_1_160' title='bbox 929 864 960 893; x_wconf 92' lang='lat' dir='ltr'>in</span> <span class='ocrx_word' id='word_1_161' title='bbox 976 863 1214 893; x_wconf 71' lang='lat' dir='ltr'>Corneiiasnam.</span> <span class='ocrx_word' id='word_1_162' title='bbox 1237 863 1326 893; x_wconf 89' lang='lat' dir='ltr'>Con-</span> 
     </span>
     <span class='ocr_line' id='line_1_19' title="bbox 129 905 1324 946; baseline 0.002 -11"><span class='ocrx_word' id='word_1_163' title='bbox 129 906 176 936; x_wconf 91' lang='lat' dir='ltr'>sul</span> <span class='ocrx_word' id='word_1_164' title='bbox 198 916 255 943; x_wconf 92' lang='grc' dir='ltr'>ιιι,</span> <span class='ocrx_word' id='word_1_165' title='bbox 274 916 349 937; x_wconf 89' lang='lat' dir='ltr'>cum</span> <span class='ocrx_word' id='word_1_166' title='bbox 367 907 402 937; x_wconf 90' lang='lat' dir='ltr'>L.</span> <span class='ocrx_word' id='word_1_167' title='bbox 419 905 563 943; x_wconf 83' lang='lat' dir='ltr'>Aurelio,</span> <span class='ocrx_word' id='word_1_168' title='bbox 586 915 672 936; x_wconf 85' lang='lat' dir='ltr'>anno</span> <span class='ocrx_word' id='word_1_169' title='bbox 691 907 763 946; x_wconf 85' lang='lat'>650.</span> <span class='ocrx_word' id='word_1_170' title='bbox 810 905 1020 936; x_wconf 85' lang='lat' dir='ltr'>Caffiodorus.</span> <span class='ocrx_word' id='word_1_171' title='bbox 1066 906 1213 945; x_wconf 86' lang='lat' dir='ltr'>Epitome</span> <span class='ocrx_word' id='word_1_172' title='bbox 1232 905 1324 937; x_wconf 82' lang='lat' dir='ltr'>lxvii.</span> 
     </span>
     <span class='ocr_line' id='line_1_20' title="bbox 128 948 1325 988; baseline 0.002 -10"><span class='ocrx_word' id='word_1_173' title='bbox 128 948 253 979; x_wconf 87' lang='lat' dir='ltr'>Plinius</span> <span class='ocrx_word' id='word_1_174' title='bbox 276 950 332 979; x_wconf 92' lang='lat' dir='ltr'>lib.</span> <span class='ocrx_word' id='word_1_175' title='bbox 357 950 390 979; x_wconf 91' lang='lat' dir='ltr'>ii.</span> <span class='ocrx_word' id='word_1_176' title='bbox 417 958 492 988; x_wconf 81' lang='lat' dir='ltr'>cap.</span> <span class='ocrx_word' id='word_1_177' title='bbox 515 956 566 988; x_wconf 85' lang='lat'>59.</span> <span class='ocrx_word' id='word_1_178' title='bbox 610 949 729 979; x_wconf 87' lang='lat' dir='ltr'>Consul</span> <span class='ocrx_word' id='word_1_179' title='bbox 747 959 799 984; x_wconf 93' lang='lat' dir='ltr'>1v,</span> <span class='ocrx_word' id='word_1_180' title='bbox 823 957 900 978; x_wconf 89' lang='lat' dir='ltr'>cum</span> <span class='ocrx_word' id='word_1_181' title='bbox 927 949 968 979; x_wconf 72' lang='grc' dir='ltr'>Θ.</span> <span class='ocrx_word' id='word_1_182' title='bbox 986 948 1116 985; x_wconf 87' lang='lat' dir='ltr'>Catulo,</span> <span class='ocrx_word' id='word_1_183' title='bbox 1139 958 1225 978; x_wconf 82' lang='lat' dir='ltr'>anno</span> <span class='ocrx_word' id='word_1_184' title='bbox 1249 950 1325 988; x_wconf 79' lang='lat'>651.</span> 
     </span>
     <span class='ocr_line' id='line_1_21' title="bbox 132 991 1327 1030; baseline 0 -9"><span class='ocrx_word' id='word_1_185' title='bbox 132 991 260 1022; x_wconf 88' lang='lat' dir='ltr'>Bellum</span> <span class='ocrx_word' id='word_1_186' title='bbox 276 992 477 1022; x_wconf 89' lang='lat' dir='ltr'>Cimbricum</span> <span class='ocrx_word' id='word_1_187' title='bbox 492 991 591 1030; x_wconf 84' lang='lat' dir='ltr'>geffit,</span> <span class='ocrx_word' id='word_1_188' title='bbox 604 991 732 1021; x_wconf 88' lang='lat' dir='ltr'>summa</span> <span class='ocrx_word' id='word_1_189' title='bbox 748 992 776 1021; x_wconf 86' lang='lat' dir='ltr'>vi</span> <span class='ocrx_word' id='word_1_190' title='bbox 794 998 979 1030; x_wconf 79' lang='lat' dir='ltr'>oppugnata</span> <span class='ocrx_word' id='word_1_191' title='bbox 994 1001 1012 1021; x_wconf 88' lang='lat' dir='ltr'>a</span> <span class='ocrx_word' id='word_1_192' title='bbox 1025 992 1182 1022; x_wconf 85' lang='lat' dir='ltr'>Teutonis</span> <span class='ocrx_word' id='word_1_193' title='bbox 1198 999 1228 1021; x_wconf 92' lang='lat' dir='ltr'>et</span> <span class='ocrx_word' id='word_1_194' title='bbox 1243 993 1327 1021; x_wconf 90' lang='lat' dir='ltr'>Arn-</span> 
     </span>
     <span class='ocr_line' id='line_1_22' title="bbox 131 1034 1327 1073; baseline 0 -9"><span class='ocrx_word' id='word_1_195' title='bbox 131 1034 286 1065; x_wconf 87' lang='lat' dir='ltr'>bronibus</span> <span class='ocrx_word' id='word_1_196' title='bbox 301 1035 399 1065; x_wconf 82' lang='lat' dir='ltr'>castra</span> <span class='ocrx_word' id='word_1_197' title='bbox 415 1035 555 1064; x_wconf 81' lang='lat' dir='ltr'>defendit</span> <span class='ocrx_word' id='word_1_198' title='bbox 570 1046 576 1063; x_wconf 91' lang='lat'><strong>:</strong></span> <span class='ocrx_word' id='word_1_199' title='bbox 602 1034 728 1064; x_wconf 89' lang='lat' dir='ltr'>duobus</span> <span class='ocrx_word' id='word_1_200' title='bbox 751 1034 865 1064; x_wconf 88' lang='lat' dir='ltr'>deinde</span> <span class='ocrx_word' id='word_1_201' title='bbox 888 1034 1005 1072; x_wconf 80' lang='lat' dir='ltr'>proeliis</span> <span class='ocrx_word' id='word_1_202' title='bbox 1021 1035 1106 1064; x_wconf 91' lang='lat' dir='ltr'>circa</span> <span class='ocrx_word' id='word_1_203' title='bbox 1122 1035 1230 1073; x_wconf 86' lang='lat' dir='ltr'>Aquas</span> <span class='ocrx_word' id='word_1_204' title='bbox 1247 1035 1327 1064; x_wconf 86' lang='lat' dir='ltr'>Sex-</span> 
     </span>
     <span class='ocr_line' id='line_1_23' title="bbox 128 1077 1326 1115; baseline 0 -9"><span class='ocrx_word' id='word_1_205' title='bbox 128 1077 188 1107; x_wconf 78' lang='lat' dir='ltr'>tias</span> <span class='ocrx_word' id='word_1_206' title='bbox 205 1086 258 1107; x_wconf 85' lang='lat' dir='ltr'>eos</span> <span class='ocrx_word' id='word_1_207' title='bbox 274 1077 403 1113; x_wconf 87' lang='lat' dir='ltr'>delevit,</span> <span class='ocrx_word' id='word_1_208' title='bbox 419 1078 452 1107; x_wconf 93' lang='lat' dir='ltr'>in</span> <span class='ocrx_word' id='word_1_209' title='bbox 469 1077 585 1115; x_wconf 88' lang='lat' dir='ltr'>quibus</span> <span class='ocrx_word' id='word_1_210' title='bbox 607 1077 688 1106; x_wconf 78' lang='lat' dir='ltr'>caesa</span> <span class='ocrx_word' id='word_1_211' title='bbox 710 1077 877 1107; x_wconf 86' lang='lat' dir='ltr'>traduntur</span> <span class='ocrx_word' id='word_1_212' title='bbox 899 1077 1037 1106; x_wconf 87' lang='lat' dir='ltr'>hostium</span> <span class='ocrx_word' id='word_1_213' title='bbox 1054 1077 1194 1107; x_wconf 83' lang='lat' dir='ltr'>ducenta</span> <span class='ocrx_word' id='word_1_214' title='bbox 1210 1077 1326 1114; x_wconf 82' lang='lat' dir='ltr'>millia,</span> 
     </span>
     <span class='ocr_line' id='line_1_24' title="bbox 131 1115 1326 1159; baseline 0.001 -10"><span class='ocrx_word' id='word_1_215' title='bbox 131 1126 227 1159; x_wconf 89' lang='lat' dir='ltr'>capta</span> <span class='ocrx_word' id='word_1_216' title='bbox 244 1120 429 1159; x_wconf 84' lang='lat' dir='ltr'>nonaginta.</span> <span class='ocrx_word' id='word_1_217' title='bbox 466 1119 615 1158; x_wconf 85' lang='lat' dir='ltr'>Epitomc</span> <span class='ocrx_word' id='word_1_218' title='bbox 633 1119 733 1150; x_wconf 81' lang='lat' dir='ltr'>lxviii.</span> <span class='ocrx_word' id='word_1_219' title='bbox 770 1119 940 1159; x_wconf 82' lang='lat' dir='ltr'>Eutropius</span> <span class='ocrx_word' id='word_1_220' title='bbox 956 1119 1038 1149; x_wconf 87' lang='lat' dir='ltr'>libro</span> <span class='ocrx_word' id='word_1_221' title='bbox 1050 1129 1081 1150; x_wconf 88' lang='lat' dir='ltr'>v.</span> <span class='ocrx_word' id='word_1_222' title='bbox 1117 1120 1227 1150; x_wconf 89' lang='lat' dir='ltr'>Florus</span> <span class='ocrx_word' id='word_1_223' title='bbox 1243 1115 1326 1150; x_wconf 69' lang='lat' dir='ltr'>lib&#39;ro</span> 
     </span>
     <span class='ocr_line' id='line_1_25' title="bbox 131 1161 1326 1202; baseline 0 -10"><span class='ocrx_word' id='word_1_224' title='bbox 131 1162 177 1192; x_wconf 87' lang='lat' dir='ltr'>iii.</span> <span class='ocrx_word' id='word_1_225' title='bbox 192 1171 263 1202; x_wconf 85' lang='lat' dir='ltr'>cap.</span> <span class='ocrx_word' id='word_1_226' title='bbox 282 1172 310 1201; x_wconf 84' lang='lat'>3.</span> <span class='ocrx_word' id='word_1_227' title='bbox 356 1161 475 1192; x_wconf 88' lang='lat' dir='ltr'>Consul</span> <span class='ocrx_word' id='word_1_228' title='bbox 494 1172 530 1200; x_wconf 88' lang='lat' dir='ltr'>v,</span> <span class='ocrx_word' id='word_1_229' title='bbox 547 1171 625 1192; x_wconf 90' lang='lat' dir='ltr'>cum</span> <span class='ocrx_word' id='word_1_230' title='bbox 650 1162 708 1192; x_wconf 89' lang='grc' dir='ltr'>Μ’.</span> <span class='ocrx_word' id='word_1_231' title='bbox 725 1162 868 1201; x_wconf 87' lang='lat' dir='ltr'>Aquilio,</span> <span class='ocrx_word' id='word_1_232' title='bbox 886 1171 972 1192; x_wconf 91' lang='lat' dir='ltr'>anno</span> <span class='ocrx_word' id='word_1_233' title='bbox 995 1164 1069 1202; x_wconf 85' lang='lat'>652.</span> <span class='ocrx_word' id='word_1_234' title='bbox 1115 1162 1326 1193; x_wconf 82' lang='lat' dir='ltr'>Caffiodorus.</span> 
     </span>
     <span class='ocr_line' id='line_1_26' title="bbox 130 1203 1328 1245; baseline 0.002 -11"><span class='ocrx_word' id='word_1_235' title='bbox 130 1204 293 1242; x_wconf 86' lang='lat' dir='ltr'>Cimbros,</span> <span class='ocrx_word' id='word_1_236' title='bbox 310 1206 363 1244; x_wconf 89' lang='lat' dir='ltr'>qui</span> <span class='ocrx_word' id='word_1_237' title='bbox 380 1214 435 1243; x_wconf 86' lang='lat' dir='ltr'>per</span> <span class='ocrx_word' id='word_1_238' title='bbox 448 1205 607 1234; x_wconf 86' lang='lat' dir='ltr'>Noricum</span> <span class='ocrx_word' id='word_1_239' title='bbox 625 1205 789 1244; x_wconf 84' lang='lat' dir='ltr'>profligato</span> <span class='ocrx_word' id='word_1_240' title='bbox 809 1204 849 1235; x_wconf 72' lang='grc' dir='ltr'>Θ.</span> <span class='ocrx_word' id='word_1_241' title='bbox 867 1203 983 1235; x_wconf 89' lang='lat' dir='ltr'>Catulo</span> <span class='ocrx_word' id='word_1_242' title='bbox 1003 1214 1127 1245; x_wconf 85' lang='lat' dir='ltr'>procos.</span> <span class='ocrx_word' id='word_1_243' title='bbox 1149 1206 1328 1245; x_wconf 83' lang='lat' dir='ltr'>irruperant</span> 
     </span>
     <span class='ocr_line' id='line_1_27' title="bbox 130 1246 1326 1286; baseline 0.003 -10"><span class='ocrx_word' id='word_1_244' title='bbox 130 1247 164 1276; x_wconf 84' lang='lat' dir='ltr'>in</span> <span class='ocrx_word' id='word_1_245' title='bbox 181 1246 322 1285; x_wconf 89' lang='lat' dir='ltr'>Italiam,</span> <span class='ocrx_word' id='word_1_246' title='bbox 340 1246 464 1277; x_wconf 88' lang='lat' dir='ltr'>collatis</span> <span class='ocrx_word' id='word_1_247' title='bbox 481 1246 573 1286; x_wconf 80' lang='lat' dir='ltr'>signis</span> <span class='ocrx_word' id='word_1_248' title='bbox 589 1248 733 1278; x_wconf 80' lang='lat' dir='ltr'>funditus</span> <span class='ocrx_word' id='word_1_249' title='bbox 749 1248 881 1278; x_wconf 87' lang='lat' dir='ltr'>delevit:</span> <span class='ocrx_word' id='word_1_250' title='bbox 903 1248 983 1278; x_wconf 79' lang='lat' dir='ltr'>caesa</span> <span class='ocrx_word' id='word_1_251' title='bbox 999 1249 1167 1278; x_wconf 83' lang='lat' dir='ltr'>traduntur</span> <span class='ocrx_word' id='word_1_252' title='bbox 1181 1250 1326 1279; x_wconf 88' lang='lat' dir='ltr'>hostium</span> 
     </span>
     <span class='ocr_line' id='line_1_28' title="bbox 131 1289 1326 1330; baseline 0.001 -10"><span class='ocrx_word' id='word_1_253' title='bbox 131 1297 266 1320; x_wconf 87' lang='lat' dir='ltr'>centurn</span> <span class='ocrx_word' id='word_1_254' title='bbox 283 1290 491 1329; x_wconf 85' lang='lat' dir='ltr'>quadraginta</span> <span class='ocrx_word' id='word_1_255' title='bbox 506 1289 621 1329; x_wconf 84' lang='lat' dir='ltr'>millia,</span> <span class='ocrx_word' id='word_1_256' title='bbox 637 1297 731 1330; x_wconf 82' lang='lat' dir='ltr'>capta</span> <span class='ocrx_word' id='word_1_257' title='bbox 745 1291 917 1329; x_wconf 82' lang='lat' dir='ltr'>sexaginta.</span> <span class='ocrx_word' id='word_1_258' title='bbox 963 1291 1085 1321; x_wconf 81' lang='lat' dir='ltr'>Marius</span> <span class='ocrx_word' id='word_1_259' title='bbox 1100 1292 1196 1322; x_wconf 85' lang='lat' dir='ltr'>totius</span> <span class='ocrx_word' id='word_1_260' title='bbox 1212 1293 1326 1322; x_wconf 77' lang='lat' dir='ltr'>civita-</span> 
     </span>
     <span class='ocr_line' id='line_1_29' title="bbox 130 1329 1330 1373; baseline 0.002 -11"><span class='ocrx_word' id='word_1_261' title='bbox 130 1334 173 1363; x_wconf 73' lang='lat' dir='ltr'>tis</span> <span class='ocrx_word' id='word_1_262' title='bbox 189 1333 340 1363; x_wconf 88' lang='lat' dir='ltr'>consensu</span> <span class='ocrx_word' id='word_1_263' title='bbox 356 1329 522 1371; x_wconf 71' lang='lat' dir='ltr'>exceptus,</span> <span class='ocrx_word' id='word_1_264' title='bbox 541 1342 597 1371; x_wconf 87' lang='lat' dir='ltr'>pro</span> <span class='ocrx_word' id='word_1_265' title='bbox 611 1333 737 1364; x_wconf 88' lang='lat' dir='ltr'>duobus</span> <span class='ocrx_word' id='word_1_266' title='bbox 756 1334 928 1373; x_wconf 84' lang='lat' dir='ltr'>triumphis</span> <span class='ocrx_word' id='word_1_267' title='bbox 944 1335 1000 1372; x_wconf 86' lang='lat' dir='ltr'>qui</span> <span class='ocrx_word' id='word_1_268' title='bbox 1016 1334 1241 1372; x_wconf 83' lang='lat' dir='ltr'>offerebantur,</span> <span class='ocrx_word' id='word_1_269' title='bbox 1257 1344 1330 1364; x_wconf 89' lang='lat' dir='ltr'>uno·</span> 
     </span>
     <span class='ocr_line' id='line_1_30' title="bbox 131 1375 1327 1415; baseline 0.002 -10"><span class='ocrx_word' id='word_1_270' title='bbox 131 1382 304 1406; x_wconf 87' lang='lat' dir='ltr'>contentus</span> <span class='ocrx_word' id='word_1_271' title='bbox 321 1376 390 1406; x_wconf 81' lang='lat' dir='ltr'>suit.</span> <span class='ocrx_word' id='word_1_272' title='bbox 424 1376 572 1415; x_wconf 82' lang='lat' dir='ltr'>Epitome</span> <span class='ocrx_word' id='word_1_273' title='bbox 588 1375 688 1406; x_wconf 82' lang='lat' dir='ltr'>lxviii.</span> <span class='ocrx_word' id='word_1_274' title='bbox 721 1376 859 1406; x_wconf 83' lang='lat' dir='ltr'>Velleius</span> <span class='ocrx_word' id='word_1_275' title='bbox 877 1377 956 1406; x_wconf 90' lang='lat' dir='ltr'>libro</span> <span class='ocrx_word' id='word_1_276' title='bbox 973 1377 1005 1406; x_wconf 92' lang='lat' dir='ltr'>ii.</span> <span class='ocrx_word' id='word_1_277' title='bbox 1038 1377 1155 1407; x_wconf 89' lang='lat' dir='ltr'>Consul</span> <span class='ocrx_word' id='word_1_278' title='bbox 1176 1387 1228 1415; x_wconf 61' lang='lat' dir='ltr'>vt0</span> <span class='ocrx_word' id='word_1_279' title='bbox 1244 1386 1327 1408; x_wconf 88' lang='lat' dir='ltr'>cum</span> 
     </span>
     <span class='ocr_line' id='line_1_31' title="bbox 135 1417 1328 1458; baseline 0.001 -10"><span class='ocrx_word' id='word_1_280' title='bbox 135 1419 169 1448; x_wconf 90' lang='lat' dir='ltr'>L.</span> <span class='ocrx_word' id='word_1_281' title='bbox 187 1418 324 1455; x_wconf 88' lang='lat' dir='ltr'>Valerio,</span> <span class='ocrx_word' id='word_1_282' title='bbox 342 1428 427 1449; x_wconf 89' lang='lat' dir='ltr'>anno</span> <span class='ocrx_word' id='word_1_283' title='bbox 445 1419 519 1458; x_wconf 81' lang='lat'>653.</span> <span class='ocrx_word' id='word_1_284' title='bbox 552 1417 760 1449; x_wconf 75' lang='lat' dir='ltr'>Calliodorus.</span> <span class='ocrx_word' id='word_1_285' title='bbox 790 1419 849 1449; x_wconf 86' lang='lat' dir='ltr'>His</span> <span class='ocrx_word' id='word_1_286' title='bbox 864 1418 1047 1449; x_wconf 89' lang='lat' dir='ltr'>consulibus</span> <span class='ocrx_word' id='word_1_287' title='bbox 1063 1420 1253 1450; x_wconf 80' lang='lat' dir='ltr'>Saturninus</span> <span class='ocrx_word' id='word_1_288' title='bbox 1271 1421 1328 1449; x_wconf 85' lang='lat' dir='ltr'>tri-</span> 
     </span>
     <span class='ocr_line' id='line_1_32' title="bbox 132 1461 1329 1502; baseline 0.002 -11"><span class='ocrx_word' id='word_1_289' title='bbox 132 1462 241 1492; x_wconf 89' lang='lat' dir='ltr'>bunus</span> <span class='ocrx_word' id='word_1_290' title='bbox 264 1461 363 1500; x_wconf 86' lang='lat' dir='ltr'>plebis</span> <span class='ocrx_word' id='word_1_291' title='bbox 379 1462 432 1501; x_wconf 89' lang='lat' dir='ltr'>qui</span> <span class='ocrx_word' id='word_1_292' title='bbox 457 1462 643 1491; x_wconf 75' lang='lat' dir='ltr'>seditionem</span> <span class='ocrx_word' id='word_1_293' title='bbox 666 1463 851 1498; x_wconf 89' lang='lat' dir='ltr'>concitavit,</span> <span class='ocrx_word' id='word_1_294' title='bbox 867 1468 897 1492; x_wconf 89' lang='lat' dir='ltr'>et</span> <span class='ocrx_word' id='word_1_295' title='bbox 914 1461 1048 1492; x_wconf 83' lang='lat' dir='ltr'>Glaucia</span> <span class='ocrx_word' id='word_1_296' title='bbox 1066 1470 1179 1502; x_wconf 61' lang='lat' dir='ltr'>praetor</span> <span class='ocrx_word' id='word_1_297' title='bbox 1194 1472 1212 1492; x_wconf 92' lang='lat' dir='ltr'>a</span> <span class='ocrx_word' id='word_1_298' title='bbox 1228 1463 1329 1493; x_wconf 84' lang='lat' dir='ltr'>Rabi-</span> 
     </span>
     <span class='ocr_line' id='line_1_33' title="bbox 136 1504 1328 1545; baseline 0.002 -12"><span class='ocrx_word' id='word_1_299' title='bbox 136 1505 182 1534; x_wconf 91' lang='lat' dir='ltr'>rio</span> <span class='ocrx_word' id='word_1_300' title='bbox 205 1504 298 1534; x_wconf 76' lang='lat' dir='ltr'>occisi</span> <span class='ocrx_word' id='word_1_301' title='bbox 316 1504 398 1535; x_wconf 88' lang='lat' dir='ltr'>sunt.</span> <span class='ocrx_word' id='word_1_302' title='bbox 445 1504 594 1543; x_wconf 85' lang='lat' dir='ltr'>Epitome</span> <span class='ocrx_word' id='word_1_303' title='bbox 610 1504 691 1534; x_wconf 80' lang='lat' dir='ltr'>lxix.</span> <span class='ocrx_word' id='word_1_304' title='bbox 738 1505 850 1535; x_wconf 85' lang='lat' dir='ltr'>Cicero</span> <span class='ocrx_word' id='word_1_305' title='bbox 873 1514 929 1545; x_wconf 89' lang='lat' dir='ltr'>pro</span> <span class='ocrx_word' id='word_1_306' title='bbox 949 1505 1078 1535; x_wconf 84' lang='lat' dir='ltr'>Rabirio</span> <span class='ocrx_word' id='word_1_307' title='bbox 1102 1505 1328 1544; x_wconf 84' lang='lat' dir='ltr'>perduellionis</span> 
     </span>
     <span class='ocr_line' id='line_1_34' title="bbox 133 1547 1328 1587; baseline 0.002 -11"><span class='ocrx_word' id='word_1_308' title='bbox 133 1556 197 1577; x_wconf 84' lang='lat' dir='ltr'>reo.</span> <span class='ocrx_word' id='word_1_309' title='bbox 244 1547 277 1577; x_wconf 89' lang='lat' dir='ltr'>L.</span> <span class='ocrx_word' id='word_1_310' title='bbox 295 1547 396 1584; x_wconf 88' lang='lat' dir='ltr'>Sulla,</span> <span class='ocrx_word' id='word_1_311' title='bbox 416 1547 456 1578; x_wconf 72' lang='lat' dir='ltr'>G.</span> <span class='ocrx_word' id='word_1_312' title='bbox 475 1547 628 1584; x_wconf 84' lang='lat' dir='ltr'>Pompeio</span> <span class='ocrx_word' id='word_1_313' title='bbox 647 1557 726 1577; x_wconf 83' lang='lat' dir='ltr'>coss.</span> <span class='ocrx_word' id='word_1_314' title='bbox 745 1548 872 1578; x_wconf 88' lang='lat' dir='ltr'>civitate</span> <span class='ocrx_word' id='word_1_315' title='bbox 895 1557 914 1578; x_wconf 86' lang='lat' dir='ltr'>a</span> <span class='ocrx_word' id='word_1_316' title='bbox 937 1548 1026 1578; x_wconf 86' lang='lat' dir='ltr'>Sulla</span> <span class='ocrx_word' id='word_1_317' title='bbox 1050 1548 1171 1587; x_wconf 77' lang='lat' dir='ltr'>pulsus,</span> <span class='ocrx_word' id='word_1_318' title='bbox 1189 1550 1219 1578; x_wconf 92' lang='lat' dir='ltr'>in</span> <span class='ocrx_word' id='word_1_319' title='bbox 1238 1549 1328 1578; x_wconf 87' lang='lat' dir='ltr'>Min-</span> 
     </span>
     <span class='ocr_line' id='line_1_35' title="bbox 131 1590 1328 1629; baseline 0.002 -10"><span class='ocrx_word' id='word_1_320' title='bbox 131 1590 333 1620; x_wconf 80' lang='lat' dir='ltr'>turnensium</span> <span class='ocrx_word' id='word_1_321' title='bbox 350 1590 518 1628; x_wconf 75' lang='lat' dir='ltr'>paludibus</span> <span class='ocrx_word' id='word_1_322' title='bbox 536 1590 641 1626; x_wconf 81' lang='lat' dir='ltr'>latuit,</span> <span class='ocrx_word' id='word_1_323' title='bbox 660 1600 677 1619; x_wconf 91' lang='lat' dir='ltr'>a</span> <span class='ocrx_word' id='word_1_324' title='bbox 695 1590 969 1621; x_wconf 79' lang='lat' dir='ltr'>Minturnensibus</span> <span class='ocrx_word' id='word_1_325' title='bbox 993 1599 1105 1629; x_wconf 85' lang='lat' dir='ltr'>captus</span> <span class='ocrx_word' id='word_1_326' title='bbox 1121 1597 1151 1620; x_wconf 84' lang='lat' dir='ltr'>et</span> <span class='ocrx_word' id='word_1_327' title='bbox 1168 1591 1328 1628; x_wconf 75' lang='lat' dir='ltr'>dimissus,</span> 
     </span>
     <span class='ocr_line' id='line_1_36' title="bbox 134 1632 1327 1673; baseline 0.003 -12"><span class='ocrx_word' id='word_1_328' title='bbox 134 1632 167 1662; x_wconf 92' lang='lat' dir='ltr'>in</span> <span class='ocrx_word' id='word_1_329' title='bbox 187 1633 328 1662; x_wconf 80' lang='lat' dir='ltr'>Africam</span> <span class='ocrx_word' id='word_1_330' title='bbox 343 1633 466 1663; x_wconf 85' lang='lat' dir='ltr'>delatus</span> <span class='ocrx_word' id='word_1_331' title='bbox 480 1634 533 1663; x_wconf 80' lang='lat' dir='ltr'>est.</span> <span class='ocrx_word' id='word_1_332' title='bbox 578 1633 754 1663; x_wconf 77' lang='lat' dir='ltr'>Acccrtitus</span> <span class='ocrx_word' id='word_1_333' title='bbox 778 1643 796 1663; x_wconf 85' lang='lat' dir='ltr'>a</span> <span class='ocrx_word' id='word_1_334' title='bbox 819 1634 923 1664; x_wconf 91' lang='lat' dir='ltr'>Cinna</span> <span class='ocrx_word' id='word_1_335' title='bbox 946 1634 1076 1664; x_wconf 90' lang='lat' dir='ltr'>consule</span> <span class='ocrx_word' id='word_1_336' title='bbox 1097 1634 1211 1664; x_wconf 89' lang='lat' dir='ltr'>urbem</span> <span class='ocrx_word' id='word_1_337' title='bbox 1227 1635 1327 1673; x_wconf 81' lang='lat' dir='ltr'>cepit,</span> 
     </span>
     <span class='ocr_line' id='line_1_37' title="bbox 134 1675 1330 1715; baseline 0.002 -11"><span class='ocrx_word' id='word_1_338' title='bbox 134 1683 205 1704; x_wconf 85' lang='lat' dir='ltr'>cam</span> <span class='ocrx_word' id='word_1_339' title='bbox 222 1675 362 1704; x_wconf 85' lang='lat' dir='ltr'>caedibus</span> <span class='ocrx_word' id='word_1_340' title='bbox 377 1683 408 1705; x_wconf 88' lang='lat' dir='ltr'>et</span> <span class='ocrx_word' id='word_1_341' title='bbox 425 1676 540 1714; x_wconf 80' lang='lat' dir='ltr'>rapinis</span> <span class='ocrx_word' id='word_1_342' title='bbox 558 1677 697 1706; x_wconf 82' lang='lat' dir='ltr'>vastavit.</span> <span class='ocrx_word' id='word_1_343' title='bbox 745 1676 891 1715; x_wconf 84' lang='lat' dir='ltr'>Epitome</span> <span class='ocrx_word' id='word_1_344' title='bbox 904 1676 1016 1707; x_wconf 80' lang='lat' dir='ltr'>lxxvii.</span> <span class='ocrx_word' id='word_1_345' title='bbox 1033 1683 1063 1706; x_wconf 88' lang='lat' dir='ltr'>ct</span> <span class='ocrx_word' id='word_1_346' title='bbox 1079 1676 1170 1706; x_wconf 86' lang='lat' dir='ltr'>lxxx.</span> <span class='ocrx_word' id='word_1_347' title='bbox 1206 1678 1330 1715; x_wconf 81' lang='lat' dir='ltr'>Appia-</span> 
     </span>
     <span class='ocr_line' id='line_1_38' title="bbox 135 1717 1329 1758; baseline 0.003 -12"><span class='ocrx_word' id='word_1_348' title='bbox 135 1727 197 1747; x_wconf 82' lang='lat' dir='ltr'>nus</span> <span class='ocrx_word' id='word_1_349' title='bbox 214 1717 292 1746; x_wconf 90' lang='lat' dir='ltr'>libro</span> <span class='ocrx_word' id='word_1_350' title='bbox 309 1718 423 1756; x_wconf 80' lang='lat' dir='ltr'>primo.</span> <span class='ocrx_word' id='word_1_351' title='bbox 457 1718 595 1747; x_wconf 79' lang='lat' dir='ltr'>Velleius</span> <span class='ocrx_word' id='word_1_352' title='bbox 612 1718 692 1748; x_wconf 88' lang='lat' dir='ltr'>libro</span> <span class='ocrx_word' id='word_1_353' title='bbox 708 1719 740 1747; x_wconf 85' lang='lat' dir='ltr'>ii.</span> <span class='ocrx_word' id='word_1_354' title='bbox 774 1718 883 1749; x_wconf 78' lang='lat' dir='ltr'>Florus</span> <span class='ocrx_word' id='word_1_355' title='bbox 900 1718 954 1748; x_wconf 91' lang='lat' dir='ltr'>lib.</span> <span class='ocrx_word' id='word_1_356' title='bbox 974 1719 1018 1748; x_wconf 89' lang='lat' dir='ltr'>iii.</span> <span class='ocrx_word' id='word_1_357' title='bbox 1033 1729 1102 1758; x_wconf 88' lang='lat' dir='ltr'>cap.</span> <span class='ocrx_word' id='word_1_358' title='bbox 1122 1729 1173 1749; x_wconf 85' lang='lat'>21.</span> <span class='ocrx_word' id='word_1_359' title='bbox 1206 1719 1329 1749; x_wconf 87' lang='lat' dir='ltr'>Consul</span> 
     </span>
     <span class='ocr_line' id='line_1_39' title="bbox 137 1760 1329 1800; baseline 0.003 -11"><span class='ocrx_word' id='word_1_360' title='bbox 137 1769 207 1798; x_wconf 86' lang='lat' dir='ltr'>vrr,</span> <span class='ocrx_word' id='word_1_361' title='bbox 236 1769 311 1789; x_wconf 90' lang='lat' dir='ltr'>curn</span> <span class='ocrx_word' id='word_1_362' title='bbox 338 1761 372 1790; x_wconf 94' lang='lat' dir='ltr'>L.</span> <span class='ocrx_word' id='word_1_363' title='bbox 393 1760 553 1796; x_wconf 84' lang='lat' dir='ltr'>Cornelio,</span> <span class='ocrx_word' id='word_1_364' title='bbox 571 1770 658 1791; x_wconf 87' lang='lat' dir='ltr'>anno</span> <span class='ocrx_word' id='word_1_365' title='bbox 685 1762 757 1797; x_wconf 88' lang='lat'>667.</span> <span class='ocrx_word' id='word_1_366' title='bbox 804 1761 912 1791; x_wconf 78' lang='lat' dir='ltr'>Idibus</span> <span class='ocrx_word' id='word_1_367' title='bbox 937 1762 1059 1791; x_wconf 82' lang='lat' dir='ltr'>Martiis</span> <span class='ocrx_word' id='word_1_368' title='bbox 1085 1763 1117 1791; x_wconf 91' lang='lat' dir='ltr'>in</span> <span class='ocrx_word' id='word_1_369' title='bbox 1143 1763 1329 1800; x_wconf 84' lang='lat' dir='ltr'>magistratu</span> 
     </span>
     <span class='ocr_line' id='line_1_40' title="bbox 135 1803 1330 1842; baseline 0.001 -9"><span class='ocrx_word' id='word_1_370' title='bbox 135 1810 283 1833; x_wconf 73' lang='lat' dir='ltr'>mortuus</span> <span class='ocrx_word' id='word_1_371' title='bbox 298 1803 352 1832; x_wconf 83' lang='lat' dir='ltr'>est.</span> <span class='ocrx_word' id='word_1_372' title='bbox 397 1804 576 1842; x_wconf 72' lang='lat' dir='ltr'>Appianus.</span> <span class='ocrx_word' id='word_1_373' title='bbox 621 1803 810 1833; x_wconf 81' lang='lat' dir='ltr'>Plutarchus</span> <span class='ocrx_word' id='word_1_374' title='bbox 829 1805 860 1833; x_wconf 92' lang='lat' dir='ltr'>in</span> <span class='ocrx_word' id='word_1_375' title='bbox 880 1805 941 1834; x_wconf 71' lang='lat' dir='ltr'>vita</span> <span class='ocrx_word' id='word_1_376' title='bbox 956 1811 986 1833; x_wconf 88' lang='lat' dir='ltr'>et</span> <span class='ocrx_word' id='word_1_377' title='bbox 1001 1804 1102 1835; x_wconf 84' lang='lat' dir='ltr'>Sulla.</span> <span class='ocrx_word' id='word_1_378' title='bbox 1144 1805 1257 1835; x_wconf 89' lang='lat' dir='ltr'>Cicero</span> <span class='ocrx_word' id='word_1_379' title='bbox 1271 1804 1330 1835; x_wconf 90' lang='lat' dir='ltr'>lib.</span> 
     </span>
     <span class='ocr_line' id='line_1_41' title="bbox 135 1845 490 1875; baseline 0.003 -1"><span class='ocrx_word' id='word_1_380' title='bbox 135 1845 174 1874; x_wconf 83' lang='lat' dir='ltr'>de</span> <span class='ocrx_word' id='word_1_381' title='bbox 192 1851 257 1874; x_wconf 85' lang='lat' dir='ltr'>nat.</span> <span class='ocrx_word' id='word_1_382' title='bbox 282 1845 427 1875; x_wconf 85' lang='lat' dir='ltr'>Deorum</span> <span class='ocrx_word' id='word_1_383' title='bbox 446 1846 490 1875; x_wconf 91' lang='lat' dir='ltr'>iii.</span> 
     </span>
    </p>

    <p class='ocr_par' dir='ltr' id='par_1_3' title="bbox 133 1929 1328 2309">
     <span class='ocr_line' id='line_1_42' title="bbox 134 1929 1326 1972; baseline 0.003 -13"><span class='ocrx_word' id='word_1_384' title='bbox 134 1929 170 1959; x_wconf 90' lang='lat' dir='ltr'>C.</span> <span class='ocrx_word' id='word_1_385' title='bbox 196 1929 365 1960; x_wconf 78' lang='lat' dir='ltr'>MARlUS</span> <span class='ocrx_word' id='word_1_386' title='bbox 390 1929 427 1959; x_wconf 92' lang='lat' dir='ltr'>C.</span> <span class='ocrx_word' id='word_1_387' title='bbox 447 1931 479 1959; x_wconf 80' lang='lat' dir='ltr'>F.</span> <span class='ocrx_word' id='word_1_388' title='bbox 498 1930 533 1960; x_wconf 88' lang='lat' dir='ltr'>C.</span> <span class='ocrx_word' id='word_1_389' title='bbox 551 1930 592 1959; x_wconf 84' lang='lat' dir='ltr'>N.</span> <span class='ocrx_word' id='word_1_390' title='bbox 640 1930 723 1960; x_wconf 90' lang='lat' dir='ltr'>Cum</span> <span class='ocrx_word' id='word_1_391' title='bbox 750 1937 835 1969; x_wconf 74' lang='lat' dir='ltr'>patre</span> <span class='ocrx_word' id='word_1_392' title='bbox 858 1931 889 1960; x_wconf 89' lang='lat' dir='ltr'>in</span> <span class='ocrx_word' id='word_1_393' title='bbox 915 1931 1057 1962; x_wconf 81' lang='lat' dir='ltr'>Africam</span> <span class='ocrx_word' id='word_1_394' title='bbox 1083 1932 1234 1971; x_wconf 83' lang='lat' dir='ltr'>profugit,</span> <span class='ocrx_word' id='word_1_395' title='bbox 1260 1942 1326 1972; x_wconf 88' lang='lat' dir='ltr'>quo</span> 
     </span>
     <span class='ocr_line' id='line_1_43' title="bbox 135 1972 1327 2014; baseline 0.004 -13"><span class='ocrx_word' id='word_1_396' title='bbox 135 1979 262 2001; x_wconf 84' lang='lat' dir='ltr'>mortuo</span> <span class='ocrx_word' id='word_1_397' title='bbox 278 1972 388 2002; x_wconf 87' lang='lat' dir='ltr'>consul</span> <span class='ocrx_word' id='word_1_398' title='bbox 406 1980 529 2002; x_wconf 77' lang='lat' dir='ltr'>creatus</span> <span class='ocrx_word' id='word_1_399' title='bbox 552 1974 594 2002; x_wconf 86' lang='lat' dir='ltr'>est</span> <span class='ocrx_word' id='word_1_400' title='bbox 619 1974 797 2003; x_wconf 80' lang='lat' dir='ltr'>admodum</span> <span class='ocrx_word' id='word_1_401' title='bbox 819 1973 1000 2004; x_wconf 86' lang='lat' dir='ltr'>adolescens</span> <span class='ocrx_word' id='word_1_402' title='bbox 1017 1984 1092 2004; x_wconf 91' lang='lat' dir='ltr'>curn</span> <span class='ocrx_word' id='word_1_403' title='bbox 1111 1975 1170 2004; x_wconf 93' lang='lat' dir='ltr'>Cn.</span> <span class='ocrx_word' id='word_1_404' title='bbox 1189 1976 1327 2014; x_wconf 83' lang='lat' dir='ltr'>Papirio,</span> 
     </span>
     <span class='ocr_line' id='line_1_44' title="bbox 133 2015 1327 2055; baseline 0.004 -12"><span class='ocrx_word' id='word_1_405' title='bbox 133 2023 220 2044; x_wconf 84' lang='lat' dir='ltr'>anno</span> <span class='ocrx_word' id='word_1_406' title='bbox 238 2017 310 2051; x_wconf 79' lang='lat'>671.</span> <span class='ocrx_word' id='word_1_407' title='bbox 359 2016 432 2051; x_wconf 73' lang='lat' dir='ltr'>Eius</span> <span class='ocrx_word' id='word_1_408' title='bbox 452 2015 534 2051; x_wconf 75' lang='lat' dir='ltr'>jufl&#39;u</span> <span class='ocrx_word' id='word_1_409' title='bbox 560 2015 772 2054; x_wconf 76' lang='lat' dir='ltr'>Damasippus</span> <span class='ocrx_word' id='word_1_410' title='bbox 796 2023 909 2055; x_wconf 67' lang='lat' dir='ltr'>praetor</span> <span class='ocrx_word' id='word_1_411' title='bbox 925 2027 1027 2054; x_wconf 80' lang='lat' dir='ltr'>ouum</span> <span class='ocrx_word' id='word_1_412' title='bbox 1046 2017 1189 2047; x_wconf 87' lang='lat' dir='ltr'>senatum</span> <span class='ocrx_word' id='word_1_413' title='bbox 1207 2027 1327 2048; x_wconf 68' lang='lat' dir='ltr'>convo-</span> 
     </span>
     <span class='ocr_line' id='line_1_45' title="bbox 137 2057 1328 2100; baseline 0.004 -15"><span class='ocrx_word' id='word_1_414' title='bbox 137 2057 243 2093; x_wconf 71' lang='lat' dir='ltr'>casset,</span> <span class='ocrx_word' id='word_1_415' title='bbox 267 2067 400 2087; x_wconf 76' lang='lat' dir='ltr'>omnem</span> <span class='ocrx_word' id='word_1_416' title='bbox 427 2058 626 2087; x_wconf 73' lang='lat' dir='ltr'>nobilitatem</span> <span class='ocrx_word' id='word_1_417' title='bbox 650 2068 722 2097; x_wconf 75' lang='lat' dir='ltr'>quae</span> <span class='ocrx_word' id='word_1_418' title='bbox 747 2059 779 2088; x_wconf 81' lang='lat' dir='ltr'>in</span> <span class='ocrx_word' id='word_1_419' title='bbox 805 2060 881 2088; x_wconf 84' lang='lat' dir='ltr'>urbe</span> <span class='ocrx_word' id='word_1_420' title='bbox 905 2067 982 2095; x_wconf 89' lang='lat' dir='ltr'>erat,</span> <span class='ocrx_word' id='word_1_421' title='bbox 1001 2060 1179 2089; x_wconf 82' lang='lat' dir='ltr'>trucidavit.</span> <span class='ocrx_word' id='word_1_422' title='bbox 1226 2061 1292 2100; x_wconf 88' lang='lat' dir='ltr'>lpse</span> <span class='ocrx_word' id='word_1_423' title='bbox 1309 2070 1328 2091; x_wconf 79' lang='lat' dir='ltr'>a</span> 
     </span>
     <span class='ocr_line' id='line_1_46' title="bbox 135 2099 1328 2142; baseline 0.003 -13"><span class='ocrx_word' id='word_1_424' title='bbox 135 2099 237 2133; x_wconf 83' lang='lat' dir='ltr'>Sulla,</span> <span class='ocrx_word' id='word_1_425' title='bbox 255 2101 394 2129; x_wconf 74' lang='lat' dir='ltr'>exercitu</span> <span class='ocrx_word' id='word_1_426' title='bbox 419 2101 487 2136; x_wconf 64' lang='lat' dir='ltr'>ejm</span> <span class='ocrx_word' id='word_1_427' title='bbox 511 2101 576 2129; x_wconf 84' lang='lat' dir='ltr'>fuso</span> <span class='ocrx_word' id='word_1_428' title='bbox 600 2101 779 2139; x_wconf 70' lang='lat' dir='ltr'>deletoque,</span> <span class='ocrx_word' id='word_1_429' title='bbox 805 2102 955 2131; x_wconf 71' lang='lat' dir='ltr'>Prmneste</span> <span class='ocrx_word' id='word_1_430' title='bbox 978 2102 1126 2137; x_wconf 71' lang='lat' dir='ltr'>obsessus,</span> <span class='ocrx_word' id='word_1_431' title='bbox 1145 2113 1247 2141; x_wconf 87' lang='lat' dir='ltr'>quum</span> <span class='ocrx_word' id='word_1_432' title='bbox 1273 2113 1328 2142; x_wconf 87' lang='lat' dir='ltr'>per</span> 
     </span>
     <span class='ocr_line' id='line_1_47' title="bbox 135 2141 1327 2183; baseline 0.006 -14"><span class='ocrx_word' id='word_1_433' title='bbox 135 2141 329 2171; x_wconf 77' lang='lat' dir='ltr'>cuniculum</span> <span class='ocrx_word' id='word_1_434' title='bbox 346 2150 485 2180; x_wconf 81' lang='lat' dir='ltr'>captaret</span> <span class='ocrx_word' id='word_1_435' title='bbox 509 2144 652 2180; x_wconf 73' lang='lat' dir='ltr'>evadere,</span> <span class='ocrx_word' id='word_1_436' title='bbox 671 2144 834 2183; x_wconf 78' lang='lat' dir='ltr'>septusque</span> <span class='ocrx_word' id='word_1_437' title='bbox 856 2145 896 2173; x_wconf 76' lang='lat' dir='ltr'>ab</span> <span class='ocrx_word' id='word_1_438' title='bbox 919 2146 1059 2175; x_wconf 86' lang='lat' dir='ltr'>exercitu</span> <span class='ocrx_word' id='word_1_439' title='bbox 1082 2144 1169 2182; x_wconf 75' lang='lat' dir='ltr'>esset,</span> <span class='ocrx_word' id='word_1_440' title='bbox 1187 2153 1327 2176; x_wconf 84' lang='lat' dir='ltr'>mortem</span> 
     </span>
     <span class='ocr_line' id='line_1_48' title="bbox 135 2183 1326 2226; baseline 0.007 -15"><span class='ocrx_word' id='word_1_441' title='bbox 135 2184 190 2212; x_wconf 76' lang='lat' dir='ltr'>fibi</span> <span class='ocrx_word' id='word_1_442' title='bbox 209 2183 361 2213; x_wconf 89' lang='lat' dir='ltr'>conscivit</span> <span class='ocrx_word' id='word_1_443' title='bbox 387 2186 416 2213; x_wconf 93' lang='lat' dir='ltr'>in</span> <span class='ocrx_word' id='word_1_444' title='bbox 444 2186 508 2223; x_wconf 81' lang='lat' dir='ltr'>ipso</span> <span class='ocrx_word' id='word_1_445' title='bbox 534 2186 697 2215; x_wconf 87' lang='lat' dir='ltr'>cuniculo.</span> <span class='ocrx_word' id='word_1_446' title='bbox 745 2186 891 2225; x_wconf 82' lang='lat' dir='ltr'>Epitomc</span> <span class='ocrx_word' id='word_1_447' title='bbox 914 2187 1039 2217; x_wconf 73' lang='lat' dir='ltr'>lxxxvi.</span> <span class='ocrx_word' id='word_1_448' title='bbox 1057 2194 1088 2217; x_wconf 86' lang='lat' dir='ltr'>et</span> <span class='ocrx_word' id='word_1_449' title='bbox 1111 2187 1326 2226; x_wconf 74' lang='lat' dir='ltr'>sequentibus.</span> 
     </span>
     <span class='ocr_line' id='line_1_49' title="bbox 135 2226 1325 2266; baseline 0.007 -13"><span class='ocrx_word' id='word_1_450' title='bbox 135 2227 302 2264; x_wconf 71' lang='lat' dir='ltr'>Appianas</span> <span class='ocrx_word' id='word_1_451' title='bbox 318 2226 397 2256; x_wconf 87' lang='lat' dir='ltr'>libro</span> <span class='ocrx_word' id='word_1_452' title='bbox 413 2229 526 2266; x_wconf 83' lang='lat' dir='ltr'>prim0.</span> <span class='ocrx_word' id='word_1_453' title='bbox 552 2229 740 2258; x_wconf 74' lang='lat' dir='ltr'>Plutarchus</span> <span class='ocrx_word' id='word_1_454' title='bbox 759 2230 790 2258; x_wconf 85' lang='lat' dir='ltr'>in</span> <span class='ocrx_word' id='word_1_455' title='bbox 805 2230 893 2259; x_wconf 82' lang='lat' dir='ltr'>Sulla</span> <span class='ocrx_word' id='word_1_456' title='bbox 905 2237 936 2259; x_wconf 86' lang='lat' dir='ltr'>et</span> <span class='ocrx_word' id='word_1_457' title='bbox 951 2231 1065 2261; x_wconf 73' lang='lat' dir='ltr'>Mario.</span> <span class='ocrx_word' id='word_1_458' title='bbox 1089 2230 1229 2261; x_wconf 80' lang='lat' dir='ltr'>Velleius</span> <span class='ocrx_word' id='word_1_459' title='bbox 1246 2231 1325 2261; x_wconf 83' lang='lat' dir='ltr'>libro</span> 
     </span>
     <span class='ocr_line' id='line_1_50' title="bbox 136 2268 595 2309; baseline 0.002 -11"><span class='ocrx_word' id='word_1_460' title='bbox 136 2269 169 2298; x_wconf 88' lang='lat' dir='ltr'>ii.</span> <span class='ocrx_word' id='word_1_461' title='bbox 196 2268 305 2299; x_wconf 71' lang='lat' dir='ltr'>Florus</span> <span class='ocrx_word' id='word_1_462' title='bbox 321 2268 375 2298; x_wconf 83' lang='lat' dir='ltr'>lib.</span> <span class='ocrx_word' id='word_1_463' title='bbox 395 2270 438 2299; x_wconf 92' lang='lat' dir='ltr'>iii.</span> <span class='ocrx_word' id='word_1_464' title='bbox 456 2279 525 2309; x_wconf 82' lang='lat' dir='ltr'>cap.</span> <span class='ocrx_word' id='word_1_465' title='bbox 545 2280 595 2300; x_wconf 80' lang='lat'>2¹.</span> 
     </span>
    </p>

    <p class='ocr_par' dir='ltr' id='par_1_4' title="bbox 705 2312 771 2351">
     <span class='ocr_line' id='line_1_51' title="bbox 705 2312 771 2351; baseline 0 0"><span class='ocrx_word' id='word_1_466' title='bbox 705 2312 734 2341; x_wconf 83' lang='lat' dir='ltr'>U</span> <span class='ocrx_word' id='word_1_467' title='bbox 751 2324 771 2351; x_wconf 73' lang='lat'>4</span> 
     </span>
    </p>
   </div>
  </div>
 </body>
</html>
