1572 2616
459 162 829 191 HISTORIARUM
866 163 1068 192 LIBROS.
1300 156 1355 205 35

171 239 298 278 Bausta,
314 250 408 272 mons
424 242 572 281 Liguriae,
589 252 643 282 39,
663 253 693 274 2.
708 252 765 282 40,
782 252 837 283 41.
850 252 888 282 41
925 253 976 274 22.

171 285 305 315 Ballistis
328 291 360 315 et
385 285 604 325 scorpionibus
631 286 789 317 instmetae
819 295 917 317 naves
938 284 1202 322 Tarentinorum,
1232 292 1286 322 21,
1306 293 1357 316 11.

217 337 233 359 2
261 351 269 364 ,
310 350 318 358 .

169 338 447 401 Batrieisffinclusos
460 371 625 402 Romanos
640 372 798 413 Campani
808 373 930 403 fervore
942 378 974 403 et
989 371 1065 402 aestu
1079 371 1248 409 suffocant,
1262 380 1314 410 23,
1326 377 1361 408 7.

169 413 296 451 Bantia,
315 423 368 451 27,
383 424 399 445 2
427 436 435 444 .

172 457 205 487 L.
221 458 354 488 Bantius
369 421 529 495 maanus,
552 458 681 497 juvenis
705 468 788 496 acer,
805 458 978 499 propensus
1000 458 1034 488 in
1058 457 1269 495 Annibalem,
1293 456 1359 487 Ro-

213 501 319 531 manis
335 510 354 531 a
369 499 526 532 Marcello
537 501 739 540 conciliatur,
759 512 811 542 23,
831 511 880 542 15.

168 542 348 584 Baphyrus,
365 546 485 582 amnis,
500 555 555 585 44,
572 546 602 575 6.

169 585 307 617 Barbam
323 588 476 618 omnibus
492 588 571 618 olim
582 589 738 619 Romanis
755 589 938 629 promittere
951 597 1022 618 mos
1035 588 1107 624 fuit,
1127 597 1158 628 5,
1173 597 1227 628 41.

170 629 308 660 Barbam
324 638 355 660 et
371 630 527 671 capillum
543 634 738 672 promittere,
755 642 825 673 pars
840 639 870 663 et
886 631 1013 672 lignum
1029 631 1158 670 doloris,
1176 632 1209 669 6,
1227 631 1276 661 16.
1304 637 1358 668 27,

215 682 266 712 34·
282 683 337 713 44,
357 684 408 712 29·

170 714 329 752 Barbatia,
345 716 476 754 fluvius,
494 727 550 758 44,
569 727 622 756 31.

170 758 339 789 Cornelius
356 760 521 797 Barbatus,
540 761 606 791 vid.
623 760 801 792 Cornelius.

168 801 210 832 T.
229 802 383 833 Quintius
399 804 564 841 Barbatus,
579 804 644 835 vid.
663 805 830 837 Quintius.

170 845 413 881 Barbosthenes,
430 856 538 884 mons,
557 856 610 888 35,
625 855 677 885 27.
695 854 726 878 et
743 857 794 886 30.

171 888 306 918 Barcina
321 889 456 926 familia,
474 899 528 928 23,
547 900 594 929 13.

173 931 308 962 Barcina
322 931 430 969 fafitio,
446 942 498 970 21,
520 944 550 964 2.
564 940 590 963 et
609 945 638 974 9.
654 933 720 964 vid.
738 941 766 964 et
781 944 832 973 30,
852 941 881 971 7.
900 940 928 964 et
941 943 994 974 42.

173 974 384 1005 Barcinorum
398 977 429 1005 in
446 976 530 1006 bello
547 977 738 1015 praestantia,
757 980 811 1015 28,
833 987 882 1008 12..

173 1017 290 1054 Bardo,
307 1018 382 1048 urbs
401 1018 574 1058 Hispaniae,
593 1029 646 1058 33,
665 1030 719 1051 21.

171 1059 362 1099 Bargulum,
382 1071 435 1099 29,
456 1071 504 1092 12.

172 1103 350 1143 Bargufios,
376 1104 540 1143 Hispaniae
565 1105 700 1145 populos
723 1114 836 1136 contra
858 1106 973 1136 Poenos
996 1105 1165 1136 sollicitant
1184 1105 1278 1145 legati
1296 1105 1359 1136 Ro-

217 1147 320 1183 mani,
340 1156 392 1183 21,
410 1156 461 1185 19.
484 1148 674 1187 subiguntur
690 1149 730 1179 ab
746 1149 921 1185 Annibale,
939 1159 990 1187 23.

172 1189 341 1230 Bargyliae,
355 1191 525 1230 oppidum,
544 1200 596 1229 32,
613 1201 665 1230 33.
690 1201 743 1230 33,
762 1193 810 1223 18.
829 1202 880 1230 30.
899 1199 992 1232 35.et
1006 1201 1057 1231 39.

174 1233 402 1273 Bargylieticus
416 1233 514 1271 sinus,
533 1242 585 1272 37,
603 1243 651 1271 17.

174 1276 319 1313 Barium,
335 1277 503 1316 oppidum,
519 1287 575 1316 40,
596 1279 646 1308 18.

175 1318 308 1349 Basilica
325 1321 390 1358 post
406 1322 597 1359 argentarias
614 1330 726 1358 novas,
741 1330 794 1362 40,
809 1330 859 1362 51.

174 1378 219 1385 —
234 1361 355 1399 Porcia,
373 1372 426 1401 39,
442 1373 497 1402 44.

175 1421 219 1428 —-
232 1405 433 1444 Sempronia,
449 1416 504 1445 44,
528 1408 576 1436 16.

175 1447 332 1484 Baffania,
346 1448 432 1486 urbs,
448 1459 504 1488 44,
519 1459 571 1487 3ο.

175 1490 356 1527 Baffanitae,
370 1501 426 1531 44,
442 1501 497 1530 30.

176 1533 298 1570 Bassus,
314 1534 378 1564 vid.
396 1534 557 1566 Caecilius,

177 1576 348 1614 Bastarnae,
367 1587 421 1617 40,
439 1584 466 1617 5.
485 1587 503 1607 a
520 1577 666 1618 Philippo
690 1578 827 1615 evocati,
844 1586 896 1618 57.
918 1579 1105 1618 tempestate
1120 1580 1367 1619 opprimuntur,.

222 1620 274 1659 58.
287 1621 423 1650 vincunt
439 1621 620 1658 Dardanos,
635 1631 690 1661 41,
709 1631 760 1659 23.
777 1622 982 1652 absorbentur
998 1622 1088 1661 Istro,
1102 1622 1174 1653 ibid.

177 1663 269 1699 Bato,
284 1663 417 1703 Longari
431 1664 529 1700 filius,
543 1664 650 1694 deficit
664 1665 702 1694 ad
720 1665 898 1703 Romanos,
917 1674 969 1704 31,
987 1666 1036 1696 28.

177 1707 356 1745 BegorritiS,
373 1706 475 1744 lacus,
490 1717 546 1746 42,
565 1715 617 1746 53.

179 1749 359 1780 Belbinates
375 1759 459 1789 ager,
477 1751 529 1789 38,
549 1760 601 1790 34.

177 1792 283 1831 Belgae
294 1801 367 1832 pop.
382 1793 465 1833 Epir.
485 1803 556 1832 104.

178 1834 346 1874 Belligeni,
372 1846 426 1875 per
453 1846 551 1875 quem
577 1836 616 1865 ad
642 1835 861 1867 transitionem
886 1836 1026 1867 Mericus
1051 1837 1212 1877 Hispanus
1239 1838 1362 1869 illectus

221 1885 299 1914 erat,
315 1879 544 1919 quadringenta
555 1880 618 1918 agri
632 1879 744 1918 jugera
766 1880 902 1917 decreta,
918 1882 967 1913 26,
985 1890 1034 1911 21.

180 1920 313 1951 Bellona
333 1921 414 1958 Dea,
437 1923 469 1957 8,
489 1931 518 1959 9.
542 1922 674 1955 viarm,
701 1932 752 1958 10,
772 1933 820 1963 ¹9·
846 1923 985 1953 Bellonae
999 1924 1032 1953 in
1050 1925 1157 1954 medio
1173 1934 1289 1964 pugnae
1304 1925 1364 1955 dis-

221 1965 358 1994 crimine
374 1964 534 2004 templum
545 1971 638 1995 vovet
655 1966 716 2004 Ap.
733 1965 900 2003 Claudius,
916 1966 988 1997 ibid.

179 2007 271 2037 —in
296 2007 364 2045 ejus
385 2009 453 2038 aedc
476 2009 600 2038 senatus
625 2008 730 2043 datus,
752 2009 803 2045 26,
819 2019 869 2039 2-1.
888 2010 940 2046 28,
959 2019 988 2048 9.
1006 2016 1036 2039 et
1055 2011 1106 2048 38.
1125 2019 1177 2048 30,
1198 2020 1248 2041 21.
1264 2017 1294 2040 et
1308 2021 1361 2051 40.

226 2060 277 2088 31,
294 2058 347 2089 47.
371 2060 425 2090 33,
445 2061 495 2082 22.
513 2059 542 2081 et
560 2060 610 2090 24.
629 2061 681 2091 39,
700 2060 750 2089 29.
765 2061 818 2091 42,
835 2061 885 2082 21.

181 2093 372 2130 Bcllovesus,
390 2094 474 2124 filius
490 2094 599 2124 sororis
611 2093 788 2133 Ambigati,
805 2095 968 2125 Celtarum
986 2096 1078 2134 regis,
1098 2103 1128 2135 5,
1147 2105 1198 2135 34.
1223 2096 1290 2133 ejus
1307 2107 1364 2128 ex-

224 2137 414 2175 peditiones,
431 2137 504 2168 ibid.
520 2138 602 2167 favet
618 2137 934 2177 Cenomanis‚Alpes
951 2139 1257 2176 transcendentibus,
1275 2149 1327 2180 35.

181 2178 259 2208 Belli
275 2179 435 2209 indicendi
453 2180 542 2217 ritus,
558 2190 585 2217 1,
605 2189 655 2219 32.
671 2180 737 2210 vid.
754 2187 781 2210 et
796 2191 848 2219 31,
868 2182 898 2211 8.
915 2188 946 2211 et
960 2183 1012 2220 36,
1028 2192 1058 2220 3.
1082 2181 1204 2212 bellicae
1218 2184 1364 2213 caerimo-

225 2222 287 2251 niae
307 2223 347 2252 ab
363 2225 455 2252 Anco
472 2223 635 2259 institutae,
658 2233 684 2259 1,
704 2233 754 2261 32.
778 2224 817 2254 ‹le
833 2223 917 2253 bello
934 2224 1054 2264 semper
1069 2225 1154 2264 prius
1171 2224 1305 2256 relatum
1323 2227 1371 2257 ad,

226 2264 342 2301 Patres,
355 2274 453 2304 quam
468 2267 586 2304 rogatio
600 2267 638 2296 ad
656 2267 815 2305 populum
829 2267 969 2303 ferretur,
985 2276 1040 2308 45,
1058 2277 1108 2298 21.

181 2306 339 2337 Bellovaci
356 2308 441 2344 νὶέὶὶ,
460 2309 542 2348 Epit.
561 2311 631 2340 108.
652 2318 723 2348 114.

182 2349 301 2386 Bellus,
314 2349 435 2389 legatus
450 2352 570 2389 Gentii,
585 2362 640 2392 44,
655 2361 708 2390 31.

182 2392 388 2432 Bendidium,
406 2395 580 2434 templum,
597 2395 649 2434 38,
666 2404 720 2434 41.
737 2437 761 2467 C
776 2438 793 2467 6
