1572 2616
201 132 305 173 .142
643 138 981 169 ROMANORUM

541 372 858 418 DOMITIA
900 376 1099 420 GENS.

222 634 383 692 Duas
403 656 583 695 Domitiae
604 658 849 709 gentisjfuiffe
868 659 1040 703 familias,
1061 656 1191 694 anaor
1206 657 1257 694 est
1277 657 1312 693 in
1336 659 1413 692 Ne-

222 733 313 758 rone
343 724 563 762 Suetonius:
595 737 757 775 quarum
786 739 860 763 una
892 726 1136 762 Calvinorum
1164 725 1229 768 est,
1258 724 1414 761 Aheno-

222 786 425 824 barborum
447 789 574 826 altera.
634 791 692 827 Ex
713 791 877 827 Calvinis
906 797 1064 839 quatuor
1092 789 1247 826 omnino
1267 788 1415 824 curules

219 851 451 900 magistratus
481 852 680 903 gesserunt.
739 854 980 890 Ahenobarbi
1012 866 1100 890 vero
1131 852 1304 889 maximis
1333 864 1413 888 am·-

220 915 462 965 pliffimisque
483 918 665 966 perfuncti
688 917 905 961 bonoribus,
929 918 1057 954 multis
1086 918 1252 953 aetatibus
1270 916 1416 952 summa

219 990 308 1016 cum
348 979 457 1016 laude
492 982 528 1017 in
563 982 753 1030 republica
785 982 1006 1018 Homerum.
1065 982 1118 1018 Hi
1152 980 1226 1017 suae
1264 980 1415 1016 familiae

219 1044 428 1093 principem
459 1058 502 1081 ac
532 1047 764 1095 cognominis
794 1046 985 1082 auc-,iorem
1016 1046 1057 1082 L.
1077 1045 1293 1082 Domitium
1318 1056 1415 1079 nun-

221 1115 377 1156 cupant:
408 1110 467 1145 cui
487 1122 572 1146 rure
591 1111 792 1147 revertenti
809 1109 969 1158 juvenes
989 1110 1128 1159 gemini
1149 1107 1340 1157 imperasse
1361 1108 1417 1144 di·

218 1178 366 1213 cuntur,
388 1174 582 1210 nunciaret
602 1173 744 1209 senatui
762 1186 803 1209 ac
824 1173 966 1221 populo
986 1173 1095 1210 Rom.
1116 1171 1321 1214 vietoriam,
1342 1183 1415 1219 qua

220 1235 268 1270 de
297 1235 482 1272 incertum
512 1237 634 1273 adhuc
663 1244 752 1278 erat,
772 1244 882 1285 atque
903 1239 939 1272 in
960 1236 1076 1272 fidem
1105 1234 1302 1283 majestatis
1322 1235 1416 1271 adeo

220 1299 450 1349 permulsisse
479 1301 606 1343 malem,
627 1309 669 1337 ut
688 1313 709 1337 e
730 1302 838 1350 nigro
866 1300 1033 1342 rutilum,
1056 1301 1193 1348 aerique
1220 1298 1416 1335 affimilem

223 1364 399 1413 capillum
419 1366 635 1402 redderent:
668 1366 768 1414 quod
787 1366 925 1415 insigne
944 1364 1075 1401 mansit
1094 1365 1130 1400 in
1153 1364 1303 1412 posteris
1319 1361 1414 1411 ejus,

220 1430 467 1477 quamobrem
489 1431 600 1466 etiam
620 1430 862 1466 Ahenobarbi
891 1429 1069 1465 nominati
1098 1428 1194 1464 sunt.
1252 1428 1294 1464 ld
1314 1428 1416 1464 bello

221 1493 355 1530 Latino
383 1495 483 1542 quod
513 1506 601 1530 cum
621 1494 833 1542 Tarquiniis
863 1494 1023 1531 Romani
1051 1491 1249 1542 gesserunt,
1271 1492 1413 1528 Plutar-

219 1557 312 1594 chus
333 1558 369 1593 in
392 1559 532 1602 Paullo,
552 1558 750 1607 Dionyfius
766 1559 828 1594 lib.
850 1559 897 1594 vi.
938 1558 1072 1594 Cicero
1092 1557 1137 1592 de
1159 1563 1288 1592 natura
1312 1556 1413 1591 Deo-

220 1635 306 1660 rum
327 1623 503 1663 secundo,
523 1631 561 1659 et
578 1621 789 1659 Tusculana
817 1622 1065 1670 disputatione
1092 1621 1224 1669 prima.
1245 1619 1414 1656 accidisse

219 1689 398 1725 scribunt,
455 1689 567 1726 Hanc
583 1688 924 1724 Ahenobarborum
941 1686 1121 1722 familiam
1142 1685 1340 1721 Suetonius
1359 1686 1414 1721 in-

220 1760 279 1789 ter
299 1753 470 1802 patricios
499 1752 671 1789 allectam
701 1751 825 1793 tradit,
847 1750 948 1799 quod
975 1754 1083 1799 (pace
1111 1748 1204 1785 tanti
1224 1749 1290 1785 viri
1310 1749 1414 1784 dixe·
1446 1754 1448 1756 ’

220 1814 312 1856 rim)
336 1828 467 1852 vereor
486 1822 527 1852 ut
546 1815 627 1851 satis
645 1814 887 1863 exploratum
916 1813 956 1849 fit
976 1829 983 1849 :
1016 1825 1135 1861 quum
1164 1812 1260 1847 inter
1283 1823 1415 1847 ornnes

221 1881 304 1918 satis
324 1882 465 1918 constet
485 1882 650 1917 tribunos
669 1880 787 1928 plebis
807 1879 1081 1916 Ahenobarbos
1100 1876 1221 1921 fuifl'e‚
1238 1889 1313 1924 quo
1332 1877 1414 1925 qui-

221 1946 309 1982 dem
328 1945 472 1981 honore
489 1944 644 1994 patricii,
666 1943 810 1979 sacratis
830 1943 987 1990 legibus,
1008 1941 1314 1977 excludebantur.
1345 1941 1414 1976 Er-

220 2016 278 2047 rat
296 2022 458 2058 quoque,
479 2021 597 2057 quum
618 2007 762 2056 septem
791 2005 1003 2043 consulatus
1032 2005 1292 2042 Ahenobarbis
1312 2006 1414 2041 attri-

219 2075 327 2111 buit:
359 2085 497 2109 novem
526 2072 630 2107 enim
658 2070 755 2113 sunt,
774 2070 874 2119 quod
903 2069 981 2106 fasti
1007 2069 1207 2105 declarant.
1264 2069 1324 2105 De
1343 2069 1414 2106 hac

218 2137 358 2176 familia
386 2136 435 2172 fic
463 2135 631 2174 Velleius
661 2134 757 2170 libro
776 2135 810 2170 ii.
839 2133 1018 2181 loquitur,
1039 2133 1206 2170 Notetur
1233 2133 1414 2169 Domitiae

218 2201 371 2238 familiae
402 2199 595 2248 peculiaris
621 2198 809 2246 quaedam,
838 2203 877 2233 et
904 2203 947 2233 ut
975 2196 1183 2239 clariffima,
1216 2197 1264 2232 ita
1298 2204 1412 2234 artata

218 2276 377 2302 numero
405 2263 574 2306 felicitas,
597 2262 651 2298 uti
669 2268 754 2298 ante
783 2260 883 2296 hunc
913 2259 1144 2296 nobiliffimae
1174 2259 1414 2308 simplicitatis

212 2328 397 2380 juvenem
417 2327 488 2364 Cn.
508 2325 736 2369 Domitium,
758 2323 864 2361 fuere
893 2323 1043 2373 singulis
1073 2323 1229 2360 omnino
1251 2323 1412 2372 parenti-
