1572 2616
232 125 312 157 122
665 126 1005 155 ROMANORUM

226 207 314 256 equi
346 205 485 255 publici
514 217 590 242 non
621 213 727 243 erant
756 206 932 256 assignati,
956 206 1107 244 confilio
1136 207 1238 256 prius
1266 208 1362 245 inter
1385 207 1427 245 se

225 269 369 314 habito,
391 268 560 306 senatum
579 269 732 314 adeunt,
752 269 921 319 factaque
942 271 1088 306 dicendi
1108 271 1300 319 potestate,
1320 272 1425 320 equis

224 333 262 370 se
282 332 354 370 suis
372 332 548 382 stipendia
569 333 729 370 facturos
747 335 984 382 promittunt.
1043 334 1178 371 Cicero
1192 347 1281 371 vero
1301 336 1339 371 in
1358 335 1425 371 illo

227 396 293 433 suo
323 409 519 446 nunquam
550 396 632 433 satis
660 397 810 434 laudato
840 398 1047 440 consulatu,
1070 399 1212 447 primus
1236 399 1378 447 equites
1403 411 1427 436 a

226 460 338 510 plebe
359 460 552 511 separavit,
573 468 611 498 et
638 463 789 498 tertium
811 463 983 511 equitum
1003 463 1174 499 ordinem
1203 464 1238 499 in
1270 471 1424 512 rempu-

226 525 363 563 blicam
384 526 542 563 induxit.
600 526 657 562 Sic
677 526 722 562 L.
745 538 895 575 quoque
915 526 1020 564 Otho
1040 527 1123 577 lege
1150 527 1223 563 lata
1252 528 1430 576 equitum

225 588 398 626 subsellia
430 603 451 626 a
480 589 649 639 populari
680 589 847 627 consessu
877 589 1067 639 disjunxit.
1125 592 1254 640 Atque
1283 592 1329 628 ab
1361 591 1427 627 illo

226 660 397 703 tempore
431 657 490 702 (ut
520 654 657 691 Plinius
686 653 827 700 scribit)
851 655 1006 691 tertium
1035 655 1106 691 hoc
1136 667 1270 704 corpus
1298 656 1335 691 in
1367 667 1429 691 re·

226 719 376 768 publica
406 718 549 757 factum
581 718 645 760 est,
679 721 871 768 coepitque
902 718 1010 767 adjici
1039 719 1179 756 senatui
1208 719 1424 768 populoque

224 784 402 821 Romano
420 784 590 833 equester
617 785 735 821 ordo:
768 782 874 831 cujus
905 783 1045 833 infigne
1076 783 1235 820 annulus
1261 791 1354 829 erat,
1383 792 1426 821 ut

224 847 440 885 senatorum
459 848 555 884 latus
575 847 701 884 clavus
730 855 768 884 et
796 847 943 884 calceus
963 848 1111 884 lunatus
1129 863 1136 884 :
1169 860 1241 897 qua
1261 848 1307 884 de
1326 860 1367 884 re
1386 849 1424 884 in

225 910 319 947 libro
357 910 481 947 nostro
519 911 566 947 de
600 910 870 960 magistratibus
908 911 1019 947 Rom.
1059 911 1197 960 primo,
1233 910 1425 959 copiosius.

228 974 388 1011 Nobiles
407 987 497 1010 vero
513 975 659 1023 plebeii,
683 988 845 1024 quorum
874 974 1034 1024 majores
1063 975 1214 1012 familiae
1234 975 1310 1012 suae
1331 976 1428 1012 ima·

225 1040 330 1089 gines
362 1039 480 1076 effent
513 1039 715 1084 consecuti,
745 1040 927 1076 nominati
955 1039 1053 1076 sunt.
1111 1041 1216 1077 Nam
1243 1047 1287 1078 ut
1314 1043 1377 1090 qui
1405 1054 1426 1078 a

225 1105 353 1153 primis
386 1104 539 1140 Romuli
572 1103 800 1141 senatoribus
832 1104 1016 1153 originem
1050 1105 1251 1150 duxerunt,
1282 1107 1424 1154 patricii

225 1168 419 1217 appellari,
449 1168 497 1203 fic
525 1168 661 1217 plebeii
691 1167 756 1217 ipfi
782 1180 945 1217 quoque,
972 1168 1164 1217 postquam
1194 1170 1424 1219 magistratus

225 1233 298 1268 illis
327 1240 438 1281 atque
471 1232 659 1268 honorum
693 1232 845 1280 infignia
879 1239 917 1268 et
950 1240 1170 1270 ornamenta
1207 1241 1422 1283 patuerunt,

226 1298 371 1333 nobiles
391 1297 463 1333 dici
479 1297 689 1333 voluerunt.
747 1296 886 1345 Neque
908 1304 1034 1333 tamen
1055 1297 1186 1346 ignoro
1213 1298 1425 1347 promiscue

227 1365 265 1396 et
282 1361 536 1396 communiter
555 1360 628 1396 hoc
649 1361 808 1396 verbum
826 1358 992 1408 usurpari
1011 1361 1056 1396 ab
1076 1360 1286 1397 auctoribus
1305 1375 1313 1397 ε
1344 1361 1430 1410 ple-

226 1425 398 1460 beiorum
433 1434 559 1460 tamen
591 1425 782 1473 proprium
818 1423 927 1460 facile
959 1424 1199 1469 crediderim,
1237 1437 1356 1473 quum
1386 1427 1427 1461 in

227 1495 312 1537 toga
340 1488 497 1524 candida
526 1489 574 1524 ita
603 1487 736 1524 scribat
765 1488 970 1531 Paedianus,
998 1488 1132 1524 Cicero
1160 1491 1426 1538 competitores

226 1558 386 1600 quatuor
402 1552 567 1600 plebeios
588 1552 730 1596 habuit,
753 1563 801 1587 ex
820 1552 955 1600 quibus
983 1552 1058 1588 duo
1086 1553 1244 1597 nobiles,
1265 1554 1340 1589 duo
1361 1555 1432 1602 qui.

227 1621 375 1651 tantum
407 1626 483 1650 non
514 1615 627 1663 primi
657 1627 706 1650 ex
739 1614 891 1651 familiis
918 1613 991 1650 suis
1018 1616 1273 1665 magistratum
1301 1617 1430 1666 adepti

226 1687 345 1717 erant.
403 1679 494 1716 Quo
513 1680 616 1715 enim
631 1679 703 1716 alio
722 1679 876 1715 nomine
895 1690 973 1724 eos,
996 1680 1060 1728 qui
1082 1678 1145 1729 jus
1174 1681 1343 1730 imaginis
1366 1682 1426 1730 (ut

228 1744 365 1780 Cicero
385 1743 567 1792 loquitur)
590 1744 636 1780 ad
655 1744 881 1780 memoriam
907 1743 1235 1793 posteritatemque
1264 1745 1426 1794 proden-

226 1809 315 1845 dam
334 1808 460 1857 adepti
477 1807 608 1853 essent,
628 1808 914 1857 appellaremUS,
932 1821 1007 1845 non
1023 1816 1124 1846 certe
1145 1810 1300 1858 reperio.
1347 1810 1437 1846 Ve*

224 1885 309 1909 rum
331 1873 414 1908 haec
433 1886 584 1922 quoque
603 1873 781 1910 hactenus
811 1873 858 1909 de
886 1872 1040 1921 plebeiis
1065 1873 1227 1910 familiis.
1284 1874 1425 1911 Licinia

224 1949 314 1973 vero
334 1949 440 1986 gens,
464 1944 501 1973 et
519 1938 739 1985 antiquitate
759 1938 919 1986 generis,
939 1945 979 1974 et
996 1939 1107 1974 rebus
1128 1938 1234 1987 gestis
1260 1938 1426 1987 plebeia-

225 2013 312 2038 rum
333 2002 506 2038 omnium
525 2001 635 2037 facile
654 2003 841 2051 princeps,
863 2002 901 2037 in
921 2007 1081 2050 quatuor
1107 2001 1262 2038 familias
1291 2003 1426 2039 dividi-

227 2071 289 2102 tur
306 2080 329 2108 ε,
346 2077 512 2113 ᾳμειωιη
536 2065 780 2113 antiquiffima
809 2078 942 2102 eortun
971 2065 1036 2109 est,
1057 2066 1119 2114 qui
1141 2066 1310 2103 Stolones
1340 2067 1425 2104 dieti

224 2128 323 2165 sunt.
382 2128 523 2166 Stoloni
552 2141 641 2165 vero
668 2130 896 2178 pampinatio
925 2130 1074 2165 inventa
1094 2131 1216 2178 primo
1236 2130 1336 2168 dedit
1356 2143 1427 2168 no-

226 2205 316 2230 men
334 2208 342 2229 :
374 2194 421 2229 ita
442 2195 543 2230 enim
563 2194 739 2242 *spellari
762 2195 798 2229 in
819 2195 1012 2230 arboribus
1031 2194 1311 2231 fruticationem
1340 2195 1428 2232 inu·

224 2259 332 2296 tilem
360 2258 487 2295 tiu-[tor
515 2258 566 2294 est
595 2258 734 2294 Plinius
764 2258 828 2294 lib.
850 2259 936 2294 xvii.
970 2270 1049 2307 cap.
1070 2259 1206 2307 primo.
1265 2260 1353 2296 Qua
1375 2259 1423 2296 de

222 2335 264 2361 re
284 2323 332 2361 fic
354 2324 472 2362 Varro
492 2323 557 2360 lib.
579 2323 626 2359 de
653 2335 692 2360 re
722 2324 854 2360 rustica
874 2323 1012 2372 primo,
1035 2322 1141 2361 Nam
1172 2323 1332 2362 Stolonis
1360 2323 1426 2360 illa
