1572 2616
503 156 735 186 PLEBEIAE
773 156 989 186 GENTES.

152 236 235 267 libro
251 246 349 267 xxxv.
382 235 499 267 Consul
519 246 596 267 cum
613 237 648 266 L.
666 236 764 266 Man-

152 279 210 317 lio,
227 289 313 310 anno
330 288 404 320 574.
428 280 535 352 Lilvius
552 276 631 309 libro'
648 279 693 309 xl.

156 363 202 394 M.
218 364 378 395 JUNIUS
402 365 450 396 M.
476 365 509 395 F.
531 365 579 395 M.
602 365 646 394 N.
665 364 767 394 PEN-

154 416 239 436 «υς.
285 407 412 444 Praeror,
436 417 522 438 anno
539 410 612 447 581.
657 408 766 437 Livius

154 449 235 479 libro
252 450 320 480 xlii.
367 451 484 480 Consul
508 460 585 481 cum
604 451 645 480 Q.
662 451 764 487 AElio,

152 502 241 522 anno
258 495 331 533 586.
362 493 572 525 Caffiodorus.
607 494 714 524 Livius
729 492 768 524 li-

154 535 210 566 bro
225 535 293 566 xlv.

1245 155 1347 201 ‘177

830 237 884 266 nio
900 235 1054 276 probabili
1071 234 1158 266 fuisse
1175 236 1277 275 refert,
1294 246 1350 267 ne-

830 282 892 318 que
920 279 1046 318 longius
1072 279 1248 310 honoribus
1279 289 1350 319 pro-

832 322 961 358 ceffiffe,
989 322 1076 360 quod
1103 322 1230 352 infirma
1253 329 1350 361 atque

831 367 931 395 etiam
947 374 1030 404 aegra
1043 365 1118 395 effet
1130 364 1324 397 valetudine.

687 622 814 656 κ-Λ-η

156 663 205 694 M.
220 663 378 695 JUNIUS
395 664 444 695 M.
458 663 495 696 F.
505 665 553 696 M.
566 665 609 696 N.
622 663 722 695 PEN-

157 717 241 737 Nus.
278 708 443 738 Tribunus
460 707 504 747 pl.
523 708 571 739 M.
588 708 720 747 Lepido,

157 750 194 780 L.
210 750 317 780 Oreste
332 750 528 781 consulibus.
556 751 723 782 AEdilitius

156 794 201 824 est
217 800 373 824 mortuus.
419 793 531 824 Cicero
548 794 581 824 in
598 794 707 824 Bruto.

157 878 205 908 Μ.
222 878 379 909 JUNIUS
404 879 454 909 M.
479 880 514 910 F.
538 879 587 909 M.
611 879 654 910 N.
671 879 724 910 SI-

159 931 291 952 LANUS.
337 921 454 952 Consul
471 932 547 952 cum
565 922 606 952 Q,
623 923 725 952 Caeci-

157 964 213 1000 lio,
230 974 316 994 anno
332 966 406 1004 644.
429 965 639 996 Caffiodorus.
659 965 725 995 Ad-

157 1007 283 1037 versum
307 1007 454 1038 Cimbros
478 1007 645 1037 infeliciter
667 1018 725 1046 pu-

155 1051 276 1089 gnavit.
325 1050 472 1088 Epitome
499 1049 565 1080 lxv.
608 1052 636 1080 A
664 1051 725 1080 Cn.

158 1093 305 1123 Domitio
321 1094 406 1132 apud
425 1093 582 1133 populum
599 1093 726 1123 accusa-

159 1143 223 1171 tus,
238 1135 400 1166 absolutus
414 1137 468 1166 est.
514 1136 672 1166 Asconius
692 1136 725 1165 in

160 1178 398 1209 Cornelianum.
444 1179 556 1208 Cicero
580 1179 611 1208 in
635 1179 726 1208 Divi-

161 1223 304 1257 natione,
324 1229 448 1260 propter
465 1222 653 1259 Egritomari
673 1231 726 1260 pa-

161 1265 240 1293 terni
258 1265 352 1294 amici
377 1272 406 1294 et
432 1265 562 1303 hospitis
582 1264 724 1300 injurias,

162 1316 181 1335 a
195 1307 340 1336 Domitio
354 1307 539 1336 accusatum
555 1313 725 1336 memorat.

162 1349 251 1379 Idem
277 1351 310 1379 in
333 1349 556 1380 Accusationis
575 1350 726 1386 secundo,

161 1400 192 1422 et
211 1394 318 1422 Bruto.

162 1477 204 1507 D.
222 1478 379 1508 JUNIUS
407 1477 453 1507 M.
481 1477 513 1506 F.
540 1477 589 1506 M.
612 1477 654 1506 N.
676 1477 728 1507 Sl-

165 1530 291 1550 mnus.
327 1519 442 1551 Consul
460 1529 537 1549 cum
556 1521 589 1549 L.
608 1521 727 1550 Murae-

162 1572 216 1599 na,
232 1573 318 1592 anno
336 1565 409 1603 691.
432 1562 641 1593 Caffiodom-t.
664 1564 727 1593 Dio

163 1605 217 1634 lib.
236 1607 359 1636 xxxvii.
405 1606 569 1636 Sallustius
586 1608 618 1636 in
633 1605 726 1637 Catil.

164 1648 353 1679 Plutarchus
370 1650 401 1678 in
419 1649 585 1679 Cicerone.

165 1733 387 1763 M.JUN1US
410 1734 452 1763 D.
478 1734 510 1764 F.
537 1734 585 1764 M.
609 1733 652 1763 N.
677 1734 730 1763 SI-

169 1786 295 1806 Limus.
343 1777 459 1806 Consul
484 1787 559 1806 cuni
578 1777 614 1806 C.
631 1776 732 1812 Julio,

167 1829 253 1848 anno
272 1820 342 1855 728.
377 1819 585 1850 Carnulum..
617 1820 680 1850 Dio
697 1819 733 1848 li-

171 1861 226 1892 bro
244 1863 359 1892 xxxiii.

789 665 833 695 D.
847 661 1005 695 JUNIUS
1022 664 1070 695 M.
1085 665 1120 695 F.
1136 663 1182 695 Μ.
1197 664 1240 696 Ν.
1254 664 1355 696 PEN-

792 717 874 738 Nus.
919 708 984 738 Qui
1016 709 1122 748 postea
1156 717 1352 738 σΛιιΑιουε

789 752 834 781 est
849 750 1038 790 appellatus.
1082 751 1206 790 Augur.
1243 751 1355 781 Cicero

791 794 824 823 in
838 794 946 824 Laelio.
992 793 1109 824 Consul
1134 803 1211 824 cum
1229 794 1263 823 P.
1278 794 1357 824 Cor-

791 835 890 873 nelio,
914 846 1001 866 anno
1027 837 1101 875 615.
1145 836 1356 866 Caffiodorus.

791 878 983 918 Hispaniam
1011 879 1194 910 ulteriorem
1218 879 1357 915 sortitus,

792 921 986 952 Lufitaniam
1025 923 1155 952 urbium
1191 931 1360 962 expugna-

792 965 934 995 tionibus
971 966 1069 1005 usque
1110 965 1150 995 ad
1187 966 1358 996 Oceanum

794 1008 987 1046 perdomuit,
1025 1015 1055 1038 et
1093 1017 1196 1046 quum
1233 1007 1358 1038 flumen

793 1050 973 1080 Oblivionis
996 1050 1113 1081 milites
1136 1050 1265 1080 transire
1289 1050 1360 1080 nol-

793 1092 874 1129 lent,
900 1101 1029 1130 raptum
1061 1093 1205 1132 signifero
1232 1094 1360 1132 fignum

795 1135 856 1174 ipse
897 1136 1065 1166 transtulit.
1117 1136 1359 1175 Triumphavit‚

794 1178 941 1218 Popillio,
960 1179 1088 1218 Rupilio
1106 1188 1186 1209 coss.
1210 1179 1360 1219 Epitome

794 1220 836 1251 lv.
853 1228 883 1250 et
901 1222 1043 1259 sequent.
1087 1221 1199 1251 Strabo
1215 1221 1296 1252 libro
1313 1223 1359 1253 iii.

795 1263 905 1293 Florus
932 1264 1011 1294 libro
1035 1265 1067 1294 ii.
1095 1273 1166 1303 cap.
1193 1271 1240 1301 17.
1286 1264 1361 1295 Vel-

794 1305 874 1336 leius
890 1306 944 1337 lib.
962 1307 994 1337 ii.
1027 1308 1069 1337 A.
1087 1307 1238 1337 mendose
1252 1308 1361 1337 nomi-

795 1355 862 1380 nat.
909 1349 1061 1380 Meminit
1076 1350 1187 1380 Cicero
1201 1351 1233 1380 in
1250 1351 1358 1381 Bruto.

793 1392 843 1421 De
857 1392 992 1431 Legibus
1007 1392 1108 1422 tertio.
1143 1392 1288 1424 Valerius
1302 1392 1360 1424 lib.

795 1435 838 1465 vi.
853 1444 924 1475 cap.
940 1445 973 1475 4.
988 1443 1020 1466 et
1036 1436 1101 1466 viii.
1118 1445 1188 1475 cap.
1210 1444 1259 1475 15.

793 1520 835 1550 D.
851 1521 1007 1551 JUNlUS
1024 1521 1065 1550 D.
1086 1522 1119 1551 F.
1138 1521 1185 1551 M.
1199 1521 1242 1552 N.
1258 1521 1361 1552 BRU-

795 1573 874 1593 τυε.
921 1563 1037 1594 Consul
1054 1574 1131 1593 cum
1149 1565 1196 1593 M.
1210 1565 1358 1602 Aimilio,

794 1616 880 1636 anno
912 1608 986 1644 676.
1040 1606 1249 1637 Cassiodorus.
1294 1608 1359 1638 Jul.

794 1650 991 1688 obsequens.
1028 1650 1181 1680 Meminit
1199 1650 1308 1680 Cicero
1328 1652 1360 1680 in

795 1692 903 1724 Bruto.
946 1693 1104 1724 Asconius
1133 1694 1167 1723 in
1198 1693 1360 1723 Comana-

796 1745 885 1766 nam.
