1572 2616
214 126 293 168 168

211 218 313 249 claffis
329 218 491 258 AEgyptiae
513 218 689 258 praefezffhrs,
708 220 779 249 Cae-

212 262 287 291 saris
314 262 354 292 ad
380 262 515 292 oricum
539 271 635 292 naves
660 264 779 302 partim

210 305 361 341 abduxit,
378 305 496 344 partim
513 306 665 336 incendit.
710 306 780 336 Cae-

208 348 258 377 sar
276 348 316 378 de
339 348 427 378 Bello
442 348 526 378 civili
551 349 595 378 iii.
639 349 709 380 Post
725 359 781 389 pa-

212 391 268 421 tris
284 391 408 421 caedem
429 392 461 421 in
480 391 667 431 Hispaniam
685 402 703 422 a
719 394 780 423 Ca-

213 440 290 464 tone
308 434 429 470 miffus,
445 434 568 464 bellum
586 445 664 465 cum
682 436 784 466 Caesa-

211 486 245 507 re
270 477 371 516 gestit,
396 478 436 508 ab
461 488 499 508 eo
524 488 561 508 1v
587 479 716 509 consule
741 480 781 509 ad

215 519 380 550 Mundam
397 520 512 557 νίξὶυς,
527 528 559 551 et
582 522 614 551 in
638 522 712 560 fuga
727 532 782 552 oc-

213 563 295 602 cisus
311 565 365 594 est.
392 564 629 604 Appianuslib.
647 565 678 594 ii.
710 565 783 596 Plu-

213 607 316 636 tarch.
347 613 377 636 et
413 608 554 638 Zonaras
587 609 620 638 in
650 608 783 640 Caesare.

213 650 328 680 Cicero
357 651 398 681 ad
428 652 577 681 Atticum
607 652 673 681 xvi.
719 652 783 682 Dio

215 692 272 723 lib.
293 693 374 724 xliii.
420 694 544 724 Hirtius
559 693 615 724 lib.
632 704 662 725 V.
686 701 717 724 et
743 695 784 726 vi.

217 735 328 766 Florus
351 735 408 766 lib.
433 738 474 768 iv.
501 746 571 776 cap.
598 748 627 768 2.
672 737 785 768 Eutro-

218 778 290 817 pius
311 778 368 811 lib.
385 781 428 811 vi.
473 780 612 811 Velleius
635 779 690 812 lib.
707 781 737 811 ii.

614 134 955 168 ROMANORUM

845 219 988 258 praefidio
1001 219 1184 250 Cordubam
1196 218 1311 250 tenuit.
1334 217 1410 248 Hir-

845 263 908 292 tius
924 263 979 293 lib.
996 264 1038 293 vi.
1054 264 1122 302 post
1138 262 1266 293 Caesaris
1287 262 1410 291 caedern

846 315 865 335 a
894 305 1003 336 senatu
1032 312 1210 342 revocatus,
1248 303 1413 344 praefeStus

846 349 943 379 totius
968 359 1031 379 orae
1062 349 1233 378 maritimae
1260 347 1414 377 constitu-

847 397 911 428 tus,
940 393 1037 422 armis
1061 391 1205 422 Siciliam
1227 389 1412 430 occupavit,

847 436 1030 474 Augustum
1055 434 1160 464 navali
1187 433 1298 474 proelio
1323 432 1414 462 vicit.

849 478 900 508 Ab
926 479 1080 518 Agrippa,
1106 477 1291 513 Cornificio,
1318 476 1415 505 Pom·-

849 522 921 560 peio
943 531 1024 552 cosa.
1043 521 1238 560 profligatus,
1255 520 1288 549 in
1304 517 1415 548 Asiam

847 565 986 604 fugiens,
1011 563 1097 602 juffu
1127 562 1263 594 Antonii
1291 561 1418 591 interfe-

850 607 920 638 &us
949 609 1002 638 est.
1046 607 1215 646 Appianus
1240 605 1296 634 lib.
1321 605 1362 633 iv.
1386 608 1419 632 et

850 661 881 680 v.
897 651 1008 681 Cicero
1021 650 1159 689 Philipp.
1171 660 1201 680 v.
1216 655 1247 678 et
1259 648 1327 678 xiii.
1353 647 1418 676 Dio

851 693 906 724 lib.
924 693 1025 724 xlviii.
1041 700 1071 723 et
1094 694 1236 732 sequent.
1282 691 1416 728 Eutrop-

849 736 907 767 lib.
927 737 981 766 vii.
1028 736 1138 766 Florus
1159 735 1216 765 lib.
1231 736 1273 765 iv.
1297 742 1367 773 cap.
1386 732 1416 761 8.

850 781 990 812 Zonaras
1005 780 1038 810 in
1054 778 1242 810 Oelaviano.
