<?xml version="1.0" encoding="UTF-8"?>
<!DOCTYPE html PUBLIC "-//W3C//DTD XHTML 1.0 Transitional//EN"
    "http://www.w3.org/TR/xhtml1/DTD/xhtml1-transitional.dtd">
<html xmlns="http://www.w3.org/1999/xhtml" xml:lang="en" lang="en">
 <head>
  <title>
</title>
<meta http-equiv="Content-Type" content="text/html;charset=utf-8" />
  <meta name='ocr-system' content='tesseract 3.04.00' />
  <meta name='ocr-capabilities' content='ocr_page ocr_carea ocr_par ocr_line ocrx_word'/>
</head>
<body>
  <div class='ocr_page' id='page_1' title='image "./historiarumquaes05livyuoft_0202.png"; bbox 0 0 1572 2616; ppageno 0'>
   <div class='ocr_carea' id='block_1_1' title="bbox 219 185 1105 227">
    <p class='ocr_par' dir='ltr' id='par_1_1' title="bbox 219 185 1105 227">
     <span class='ocr_line' id='line_1_1' title="bbox 219 185 1105 227; baseline -0.001 -2"><span class='ocrx_word' id='word_1_1' title='bbox 219 185 312 227; x_wconf 74' lang='lat'><em>-182</em></span> <span class='ocrx_word' id='word_1_2' title='bbox 576 195 743 224; x_wconf 80' lang='lat' dir='ltr'>1NDEx</span> <span class='ocrx_word' id='word_1_3' title='bbox 780 196 835 223; x_wconf 82' lang='lat' dir='ltr'>IN</span> <span class='ocrx_word' id='word_1_4' title='bbox 871 196 917 225; x_wconf 86' lang='lat' dir='ltr'>T.</span> <span class='ocrx_word' id='word_1_5' title='bbox 944 196 1075 224; x_wconf 88' lang='lat' dir='ltr'>L1V11</span> <span class='ocrx_word' id='word_1_6' title='bbox 1103 213 1105 215; x_wconf 52' lang='lat'>&gt;</span> 
     </span>
    </p>
   </div>
   <div class='ocr_carea' id='block_1_2' title="bbox 227 274 1423 2447">
    <p class='ocr_par' dir='ltr' id='par_1_2' title="bbox 228 274 1419 655">
     <span class='ocr_line' id='line_1_2' title="bbox 228 274 1415 315; baseline 0 -9"><span class='ocrx_word' id='word_1_7' title='bbox 228 275 395 312; x_wconf 80' lang='lat' dir='ltr'>Phaeneas,</span> <span class='ocrx_word' id='word_1_8' title='bbox 412 274 558 315; x_wconf 87' lang='lat' dir='ltr'>princeps</span> <span class='ocrx_word' id='word_1_9' title='bbox 574 275 772 312; x_wconf 84' lang='lat' dir='ltr'>AEtolorum,</span> <span class='ocrx_word' id='word_1_10' title='bbox 794 276 879 305; x_wconf 88' lang='lat' dir='ltr'>adest</span> <span class='ocrx_word' id='word_1_11' title='bbox 904 275 1067 314; x_wconf 90' lang='lat' dir='ltr'>colloquio</span> <span class='ocrx_word' id='word_1_12' title='bbox 1092 275 1216 306; x_wconf 73' lang='lat' dir='ltr'>Quintii</span> <span class='ocrx_word' id='word_1_13' title='bbox 1241 284 1317 305; x_wconf 92' lang='lat' dir='ltr'>cum</span> <span class='ocrx_word' id='word_1_14' title='bbox 1340 276 1415 307; x_wconf 85' lang='lat' dir='ltr'>&#39;Phi-</span> 
     </span>
     <span class='ocr_line' id='line_1_3' title="bbox 272 318 1414 358; baseline 0.002 -12"><span class='ocrx_word' id='word_1_15' title='bbox 272 318 372 356; x_wconf 84' lang='lat' dir='ltr'>lippo,</span> <span class='ocrx_word' id='word_1_16' title='bbox 401 327 453 354; x_wconf 83' lang='lat'>32,</span> <span class='ocrx_word' id='word_1_17' title='bbox 477 327 527 356; x_wconf 85' lang='lat'>32.</span> <span class='ocrx_word' id='word_1_18' title='bbox 553 318 584 347; x_wconf 89' lang='lat' dir='ltr'>in</span> <span class='ocrx_word' id='word_1_19' title='bbox 607 327 682 347; x_wconf 87' lang='lat' dir='ltr'>eum</span> <span class='ocrx_word' id='word_1_20' title='bbox 709 318 847 358; x_wconf 89' lang='lat' dir='ltr'>Philippi</span> <span class='ocrx_word' id='word_1_21' title='bbox 868 318 973 356; x_wconf 85' lang='lat' dir='ltr'>jocus,</span> <span class='ocrx_word' id='word_1_22' title='bbox 993 327 1044 358; x_wconf 83' lang='lat'>34.</span> <span class='ocrx_word' id='word_1_23' title='bbox 1067 320 1154 348; x_wconf 85' lang='lat' dir='ltr'>venit</span> <span class='ocrx_word' id='word_1_24' title='bbox 1177 319 1215 348; x_wconf 86' lang='lat' dir='ltr'>ad</span> <span class='ocrx_word' id='word_1_25' title='bbox 1241 318 1414 349; x_wconf 73' lang='lat' dir='ltr'>Quintium</span> 
     </span>
     <span class='ocr_line' id='line_1_4' title="bbox 272 360 1417 399; baseline 0 -9"><span class='ocrx_word' id='word_1_26' title='bbox 272 369 350 390; x_wconf 90' lang='lat' dir='ltr'>eum</span> <span class='ocrx_word' id='word_1_27' title='bbox 366 360 549 390; x_wconf 85' lang='lat' dir='ltr'>AEtolorum</span> <span class='ocrx_word' id='word_1_28' title='bbox 567 361 706 397; x_wconf 80' lang='lat' dir='ltr'>auxiliis,</span> <span class='ocrx_word' id='word_1_29' title='bbox 726 370 777 399; x_wconf 83' lang='lat'>33,</span> <span class='ocrx_word' id='word_1_30' title='bbox 796 371 825 399; x_wconf 89' lang='lat'>3.</span> <span class='ocrx_word' id='word_1_31' title='bbox 848 361 917 398; x_wconf 78' lang='lat' dir='ltr'>ejus</span> <span class='ocrx_word' id='word_1_32' title='bbox 932 360 1095 390; x_wconf 86' lang='lat' dir='ltr'>altercatio</span> <span class='ocrx_word' id='word_1_33' title='bbox 1118 370 1195 391; x_wconf 89' lang='lat' dir='ltr'>cum</span> <span class='ocrx_word' id='word_1_34' title='bbox 1220 361 1356 391; x_wconf 75' lang='lat' dir='ltr'>Quintio</span> <span class='ocrx_word' id='word_1_35' title='bbox 1378 361 1417 391; x_wconf 85' lang='lat' dir='ltr'>de</span> 
     </span>
     <span class='ocr_line' id='line_1_5' title="bbox 269 403 1416 443; baseline 0.002 -11"><span class='ocrx_word' id='word_1_36' title='bbox 269 403 391 432; x_wconf 83' lang='lat' dir='ltr'>Thebis</span> <span class='ocrx_word' id='word_1_37' title='bbox 406 403 542 440; x_wconf 70' lang='lat' dir='ltr'>Phffliis,</span> <span class='ocrx_word' id='word_1_38' title='bbox 564 413 611 440; x_wconf 82' lang='lat'>13.</span> <span class='ocrx_word' id='word_1_39' title='bbox 637 404 717 433; x_wconf 89' lang='lat' dir='ltr'>inter</span> <span class='ocrx_word' id='word_1_40' title='bbox 739 412 816 433; x_wconf 88' lang='lat' dir='ltr'>eum</span> <span class='ocrx_word' id='word_1_41' title='bbox 839 410 869 433; x_wconf 91' lang='lat' dir='ltr'>et</span> <span class='ocrx_word' id='word_1_42' title='bbox 892 404 1078 434; x_wconf 86' lang='lat' dir='ltr'>Thoantem</span> <span class='ocrx_word' id='word_1_43' title='bbox 1101 405 1278 439; x_wconf 83' lang='lat' dir='ltr'>contentio,</span> <span class='ocrx_word' id='word_1_44' title='bbox 1296 411 1345 443; x_wconf 84' lang='lat'>35,</span> <span class='ocrx_word' id='word_1_45' title='bbox 1362 410 1416 443; x_wconf 81' lang='grc'>45.</span> 
     </span>
     <span class='ocr_line' id='line_1_6' title="bbox 272 446 1418 486; baseline 0.001 -11"><span class='ocrx_word' id='word_1_46' title='bbox 272 447 418 485; x_wconf 82' lang='lat' dir='ltr'>princeps</span> <span class='ocrx_word' id='word_1_47' title='bbox 436 447 478 475; x_wconf 88' lang='lat' dir='ltr'>est</span> <span class='ocrx_word' id='word_1_48' title='bbox 493 446 672 485; x_wconf 83' lang='lat' dir='ltr'>legationis,</span> <span class='ocrx_word' id='word_1_49' title='bbox 688 456 753 486; x_wconf 84' lang='lat' dir='ltr'>qua</span> <span class='ocrx_word' id='word_1_50' title='bbox 767 446 867 476; x_wconf 85' lang='lat' dir='ltr'>AEtoli</span> <span class='ocrx_word' id='word_1_51' title='bbox 883 447 912 476; x_wconf 86' lang='lat' dir='ltr'>se</span> <span class='ocrx_word' id='word_1_52' title='bbox 933 447 1050 485; x_wconf 86' lang='lat' dir='ltr'>suaque</span> <span class='ocrx_word' id='word_1_53' title='bbox 1071 447 1183 476; x_wconf 86' lang='lat' dir='ltr'>omnia</span> <span class='ocrx_word' id='word_1_54' title='bbox 1209 447 1281 476; x_wconf 82' lang='lat' dir='ltr'>fidei</span> <span class='ocrx_word' id='word_1_55' title='bbox 1308 447 1418 486; x_wconf 80' lang='lat' dir='ltr'>populi</span> 
     </span>
     <span class='ocr_line' id='line_1_7' title="bbox 272 489 1419 528; baseline 0.002 -11"><span class='ocrx_word' id='word_1_56' title='bbox 272 489 411 518; x_wconf 83' lang='lat' dir='ltr'>Romani</span> <span class='ocrx_word' id='word_1_57' title='bbox 429 490 630 527; x_wconf 87' lang='lat' dir='ltr'>permittunt,</span> <span class='ocrx_word' id='word_1_58' title='bbox 649 491 702 528; x_wconf 89' lang='grc'>36,</span> <span class='ocrx_word' id='word_1_59' title='bbox 720 491 772 520; x_wconf 88' lang='grc'>28.</span> <span class='ocrx_word' id='word_1_60' title='bbox 795 489 862 526; x_wconf 85' lang='lat' dir='ltr'>ejus</span> <span class='ocrx_word' id='word_1_61' title='bbox 883 490 998 519; x_wconf 83' lang='lat' dir='ltr'>ferocia</span> <span class='ocrx_word' id='word_1_62' title='bbox 1012 489 1120 526; x_wconf 50' lang='lat' dir='ltr'>fracta,</span> <span class='ocrx_word' id='word_1_63' title='bbox 1137 489 1208 519; x_wconf 80' lang='lat' dir='ltr'>ibid.</span> <span class='ocrx_word' id='word_1_64' title='bbox 1233 489 1419 528; x_wconf 85' lang='lat' dir='ltr'>provolutus</span> 
     </span>
     <span class='ocr_line' id='line_1_8' title="bbox 272 532 1417 571; baseline -0.001 -10"><span class='ocrx_word' id='word_1_65' title='bbox 272 532 311 561; x_wconf 83' lang='lat' dir='ltr'>ad</span> <span class='ocrx_word' id='word_1_66' title='bbox 335 532 429 570; x_wconf 84' lang='lat' dir='ltr'>pedes</span> <span class='ocrx_word' id='word_1_67' title='bbox 447 532 571 561; x_wconf 72' lang='lat' dir='ltr'>Quintii</span> <span class='ocrx_word' id='word_1_68' title='bbox 588 539 654 561; x_wconf 85' lang='lat' dir='ltr'>orat</span> <span class='ocrx_word' id='word_1_69' title='bbox 670 542 759 569; x_wconf 87' lang='lat' dir='ltr'>eum,</span> <span class='ocrx_word' id='word_1_70' title='bbox 776 539 812 562; x_wconf 84' lang='lat' dir='ltr'>ut</span> <span class='ocrx_word' id='word_1_71' title='bbox 828 533 1010 562; x_wconf 83' lang='lat' dir='ltr'>misereatur</span> <span class='ocrx_word' id='word_1_72' title='bbox 1032 533 1133 571; x_wconf 86' lang='lat' dir='ltr'>gentis</span> <span class='ocrx_word' id='word_1_73' title='bbox 1148 532 1345 568; x_wconf 77' lang='lat' dir='ltr'>AEtolorum,</span> <span class='ocrx_word' id='word_1_74' title='bbox 1364 540 1417 571; x_wconf 71' lang='lat'>35.</span> 
     </span>
     <span class='ocr_line' id='line_1_9' title="bbox 270 574 1418 613; baseline 0.001 -10"><span class='ocrx_word' id='word_1_75' title='bbox 270 576 393 613; x_wconf 77' lang='lat' dir='ltr'>legatus</span> <span class='ocrx_word' id='word_1_76' title='bbox 416 575 455 603; x_wconf 81' lang='lat' dir='ltr'>ab</span> <span class='ocrx_word' id='word_1_77' title='bbox 472 574 588 604; x_wconf 79' lang='lat' dir='ltr'>AEtolis</span> <span class='ocrx_word' id='word_1_78' title='bbox 613 584 690 605; x_wconf 89' lang='lat' dir='ltr'>cum</span> <span class='ocrx_word' id='word_1_79' title='bbox 715 575 821 605; x_wconf 88' lang='lat' dir='ltr'>liberis</span> <span class='ocrx_word' id='word_1_80' title='bbox 845 575 1004 605; x_wconf 87' lang='lat' dir='ltr'>mandatis</span> <span class='ocrx_word' id='word_1_81' title='bbox 1027 575 1067 604; x_wconf 89' lang='lat' dir='ltr'>ad</span> <span class='ocrx_word' id='word_1_82' title='bbox 1090 574 1256 605; x_wconf 87' lang='lat' dir='ltr'>consulem</span> <span class='ocrx_word' id='word_1_83' title='bbox 1278 575 1327 606; x_wconf 88' lang='lat' dir='ltr'>M.</span> <span class='ocrx_word' id='word_1_84' title='bbox 1345 575 1418 605; x_wconf 91' lang='lat' dir='ltr'>Ful-</span> 
     </span>
     <span class='ocr_line' id='line_1_10' title="bbox 272 618 599 655; baseline 0 -9"><span class='ocrx_word' id='word_1_85' title='bbox 272 618 362 646; x_wconf 88' lang='lat' dir='ltr'>vium</span> <span class='ocrx_word' id='word_1_86' title='bbox 381 618 479 653; x_wconf 86' lang='lat' dir='ltr'>venit,</span> <span class='ocrx_word' id='word_1_87' title='bbox 497 619 550 655; x_wconf 85' lang='lat'>38,</span> <span class='ocrx_word' id='word_1_88' title='bbox 570 618 599 647; x_wconf 82' lang='lat'>8.</span> 
     </span>
    </p>

    <p class='ocr_par' dir='ltr' id='par_1_3' title="bbox 228 660 886 699">
     <span class='ocr_line' id='line_1_11' title="bbox 228 660 886 699; baseline 0.002 -10"><span class='ocrx_word' id='word_1_89' title='bbox 228 660 402 696; x_wconf 80' lang='lat' dir='ltr'>Phaestum,</span> <span class='ocrx_word' id='word_1_90' title='bbox 421 661 592 698; x_wconf 88' lang='lat' dir='ltr'>oppidum,</span> <span class='ocrx_word' id='word_1_91' title='bbox 610 661 745 699; x_wconf 87' lang='lat' dir='ltr'>capitur,</span> <span class='ocrx_word' id='word_1_92' title='bbox 764 662 817 698; x_wconf 86' lang='lat'>36,</span> <span class='ocrx_word' id='word_1_93' title='bbox 838 670 886 698; x_wconf 88' lang='grc'>13,</span> 
     </span>
    </p>

    <p class='ocr_par' dir='ltr' id='par_1_4' title="bbox 227 702 1137 742">
     <span class='ocr_line' id='line_1_12' title="bbox 227 702 1137 742; baseline 0 -10"><span class='ocrx_word' id='word_1_94' title='bbox 227 702 405 736; x_wconf 78' lang='lat' dir='ltr'>Phalanna,</span> <span class='ocrx_word' id='word_1_95' title='bbox 422 703 592 741; x_wconf 75' lang='lat' dir='ltr'>oppidum,</span> <span class='ocrx_word' id='word_1_96' title='bbox 609 713 664 741; x_wconf 85' lang='grc'>42,</span> <span class='ocrx_word' id='word_1_97' title='bbox 682 713 734 742; x_wconf 81' lang='grc'>54.</span> <span class='ocrx_word' id='word_1_98' title='bbox 757 703 969 733; x_wconf 69' lang='lat' dir='ltr'>Plialannaeus</span> <span class='ocrx_word' id='word_1_99' title='bbox 984 713 1068 742; x_wconf 84' lang='lat' dir='ltr'>ager,</span> <span class='ocrx_word' id='word_1_100' title='bbox 1086 704 1137 741; x_wconf 80' lang='lat'>65.</span> 
     </span>
    </p>

    <p class='ocr_par' dir='ltr' id='par_1_5' title="bbox 227 745 1420 956">
     <span class='ocr_line' id='line_1_13' title="bbox 227 745 1420 785; baseline -0.001 -10"><span class='ocrx_word' id='word_1_101' title='bbox 227 745 372 776; x_wconf 75' lang='lat' dir='ltr'>Phalanx</span> <span class='ocrx_word' id='word_1_102' title='bbox 387 745 610 782; x_wconf 77' lang='lat' dir='ltr'>Macedonica,</span> <span class='ocrx_word' id='word_1_103' title='bbox 625 747 657 782; x_wconf 80' lang='lat'>8,</span> <span class='ocrx_word' id='word_1_104' title='bbox 675 747 704 776; x_wconf 90' lang='lat'>8.</span> <span class='ocrx_word' id='word_1_105' title='bbox 731 756 782 785; x_wconf 86' lang='grc'>33,</span> <span class='ocrx_word' id='word_1_106' title='bbox 799 756 829 785; x_wconf 83' lang='grc'>4.</span> <span class='ocrx_word' id='word_1_107' title='bbox 853 756 908 784; x_wconf 89' lang='lat'>42,</span> <span class='ocrx_word' id='word_1_108' title='bbox 926 748 977 775; x_wconf 88' lang='lat'>61.</span> <span class='ocrx_word' id='word_1_109' title='bbox 1003 747 1162 775; x_wconf 82' lang='lat' dir='ltr'>confertur</span> <span class='ocrx_word' id='word_1_110' title='bbox 1179 754 1255 774; x_wconf 90' lang='lat' dir='ltr'>curn</span> <span class='ocrx_word' id='word_1_111' title='bbox 1273 745 1340 775; x_wconf 81' lang='lat' dir='ltr'>acie</span> <span class='ocrx_word' id='word_1_112' title='bbox 1356 745 1420 774; x_wconf 74' lang='lat' dir='ltr'>Ro-</span> 
     </span>
     <span class='ocr_line' id='line_1_14' title="bbox 272 788 1416 828; baseline 0 -12"><span class='ocrx_word' id='word_1_113' title='bbox 272 797 382 821; x_wconf 77' lang='lat' dir='ltr'>mana,</span> <span class='ocrx_word' id='word_1_114' title='bbox 400 801 432 828; x_wconf 88' lang='lat'>9,</span> <span class='ocrx_word' id='word_1_115' title='bbox 455 798 502 826; x_wconf 88' lang='lat'>¹9·</span> <span class='ocrx_word' id='word_1_116' title='bbox 527 789 671 818; x_wconf 83' lang='lat' dir='ltr'>Phalanx</span> <span class='ocrx_word' id='word_1_117' title='bbox 688 798 809 818; x_wconf 86' lang='lat' dir='ltr'>cuneus</span> <span class='ocrx_word' id='word_1_118' title='bbox 834 789 1054 819; x_wconf 83' lang='lat' dir='ltr'>Macedonum</span> <span class='ocrx_word' id='word_1_119' title='bbox 1080 796 1111 818; x_wconf 84' lang='lat' dir='ltr'>et</span> <span class='ocrx_word' id='word_1_120' title='bbox 1133 788 1227 818; x_wconf 90' lang='lat' dir='ltr'>robur</span> <span class='ocrx_word' id='word_1_121' title='bbox 1247 789 1416 824; x_wconf 84' lang='lat' dir='ltr'>exercitus,</span> 
     </span>
     <span class='ocr_line' id='line_1_15' title="bbox 273 831 1414 870; baseline -0.001 -10"><span class='ocrx_word' id='word_1_122' title='bbox 273 841 327 869; x_wconf 85' lang='grc'>32,</span> <span class='ocrx_word' id='word_1_123' title='bbox 348 838 396 867; x_wconf 87' lang='lat'>17.</span> <span class='ocrx_word' id='word_1_124' title='bbox 424 841 476 869; x_wconf 86' lang='grc'>33,</span> <span class='ocrx_word' id='word_1_125' title='bbox 502 833 532 861; x_wconf 75' lang='grc'>8.</span> <span class='ocrx_word' id='word_1_126' title='bbox 556 831 675 870; x_wconf 84' lang='lat' dir='ltr'>duplex</span> <span class='ocrx_word' id='word_1_127' title='bbox 700 832 858 866; x_wconf 83' lang='lat' dir='ltr'>Phalanx,</span> <span class='ocrx_word' id='word_1_128' title='bbox 882 832 1113 870; x_wconf 79' lang='lat' dir='ltr'>Leucaspidum</span> <span class='ocrx_word' id='word_1_129' title='bbox 1137 838 1167 860; x_wconf 91' lang='lat' dir='ltr'>et</span> <span class='ocrx_word' id='word_1_130' title='bbox 1192 831 1414 869; x_wconf 76' lang='lat' dir='ltr'>Aglal‘pidum,</span> 
     </span>
     <span class='ocr_line' id='line_1_16' title="bbox 272 874 1418 913; baseline -0.001 -10"><span class='ocrx_word' id='word_1_131' title='bbox 272 874 335 903; x_wconf 81' lang='lat' dir='ltr'>five</span> <span class='ocrx_word' id='word_1_132' title='bbox 363 874 625 912; x_wconf 82' lang='lat' dir='ltr'>Chalcaspidnrn‚</span> <span class='ocrx_word' id='word_1_133' title='bbox 652 884 706 913; x_wconf 85' lang='lat'>44,</span> <span class='ocrx_word' id='word_1_134' title='bbox 733 884 785 913; x_wconf 91' lang='lat'>40.</span> <span class='ocrx_word' id='word_1_135' title='bbox 816 876 855 904; x_wconf 87' lang='lat' dir='ltr'>ad</span> <span class='ocrx_word' id='word_1_136' title='bbox 887 874 1093 913; x_wconf 64' lang='lat' dir='ltr'>conspeetum</span> <span class='ocrx_word' id='word_1_137' title='bbox 1121 874 1290 912; x_wconf 87' lang='lat' dir='ltr'>Phalangis</span> <span class='ocrx_word' id='word_1_138' title='bbox 1317 875 1418 912; x_wconf 86' lang='lat' dir='ltr'>stupet</span> 
     </span>
     <span class='ocr_line' id='line_1_17' title="bbox 274 916 1375 956; baseline 0.001 -11.009"><span class='ocrx_word' id='word_1_139' title='bbox 274 916 440 952; x_wconf 72' lang='lat' dir='ltr'>AEmilius,</span> <span class='ocrx_word' id='word_1_140' title='bbox 457 916 497 945; x_wconf 77' lang='lat' dir='ltr'>i1b</span> <span class='ocrx_word' id='word_1_141' title='bbox 494 917 528 947; x_wconf 73' lang='lat' dir='ltr'>d.</span> <span class='ocrx_word' id='word_1_142' title='bbox 553 917 722 956; x_wconf 72' lang='lat' dir='ltr'>Phalangis</span> <span class='ocrx_word' id='word_1_143' title='bbox 745 917 966 953; x_wconf 48' lang='lat' dir='ltr'>incommodzu</span> <span class='ocrx_word' id='word_1_144' title='bbox 987 927 1039 955; x_wconf 91' lang='grc'>31,</span> <span class='ocrx_word' id='word_1_145' title='bbox 1059 927 1110 956; x_wconf 84' lang='lat'>39.</span> <span class='ocrx_word' id='word_1_146' title='bbox 1133 926 1188 956; x_wconf 89' lang='lat'>41,</span> <span class='ocrx_word' id='word_1_147' title='bbox 1208 925 1258 954; x_wconf 84' lang='lat'>37.</span> <span class='ocrx_word' id='word_1_148' title='bbox 1275 923 1305 947; x_wconf 78' lang='lat' dir='ltr'>et</span> <span class='ocrx_word' id='word_1_149' title='bbox 1321 925 1375 955; x_wconf 82' lang='lat'>40.</span> 
     </span>
    </p>

    <p class='ocr_par' dir='ltr' id='par_1_6' title="bbox 230 959 881 1000">
     <span class='ocr_line' id='line_1_18' title="bbox 230 959 881 1000; baseline 0 -10"><span class='ocrx_word' id='word_1_150' title='bbox 230 959 444 997; x_wconf 81' lang='lat' dir='ltr'>Phalangitae,</span> <span class='ocrx_word' id='word_1_151' title='bbox 465 968 516 997; x_wconf 82' lang='lat'>37,</span> <span class='ocrx_word' id='word_1_152' title='bbox 533 970 586 998; x_wconf 82' lang='grc'>40.</span> <span class='ocrx_word' id='word_1_153' title='bbox 609 969 664 998; x_wconf 91' lang='grc'>4,</span> <span class='ocrx_word' id='word_1_154' title='bbox 683 968 731 998; x_wconf 87' lang='grc'>51.</span> <span class='ocrx_word' id='word_1_155' title='bbox 757 969 811 1000; x_wconf 83' lang='grc'>43,</span> <span class='ocrx_word' id='word_1_156' title='bbox 831 970 881 991; x_wconf 81' lang='lat'>20.</span> 
     </span>
    </p>

    <p class='ocr_par' dir='ltr' id='par_1_7' title="bbox 230 1002 1419 1042">
     <span class='ocr_line' id='line_1_19' title="bbox 230 1002 1419 1042; baseline 0 -11"><span class='ocrx_word' id='word_1_157' title='bbox 230 1002 374 1037; x_wconf 80' lang='lat' dir='ltr'>Phalara,</span> <span class='ocrx_word' id='word_1_158' title='bbox 392 1002 454 1032; x_wconf 80' lang='lat' dir='ltr'>sive</span> <span class='ocrx_word' id='word_1_159' title='bbox 477 1002 624 1040; x_wconf 86' lang='lat' dir='ltr'>Phalera,</span> <span class='ocrx_word' id='word_1_160' title='bbox 645 1003 801 1042; x_wconf 85' lang='lat' dir='ltr'>oppidum</span> <span class='ocrx_word' id='word_1_161' title='bbox 828 1003 860 1032; x_wconf 92' lang='lat' dir='ltr'>in</span> <span class='ocrx_word' id='word_1_162' title='bbox 884 1002 952 1032; x_wconf 75' lang='lat' dir='ltr'>sinu</span> <span class='ocrx_word' id='word_1_163' title='bbox 979 1002 1132 1039; x_wconf 76' lang='lat' dir='ltr'>Maliaco,</span> <span class='ocrx_word' id='word_1_164' title='bbox 1151 1010 1202 1039; x_wconf 84' lang='lat'>27,</span> <span class='ocrx_word' id='word_1_165' title='bbox 1220 1011 1274 1041; x_wconf 66' lang='grc' dir='ltr'>3ο.</span> <span class='ocrx_word' id='word_1_166' title='bbox 1296 1011 1349 1042; x_wconf 91' lang='grc'>35,</span> <span class='ocrx_word' id='word_1_167' title='bbox 1366 1011 1419 1041; x_wconf 89' lang='grc'>43.</span> 
     </span>
    </p>

    <p class='ocr_par' dir='ltr' id='par_1_8' title="bbox 230 1055 613 1127">
     <span class='ocr_line' id='line_1_20' title="bbox 230 1055 613 1127; baseline -0.003 -9"><span class='ocrx_word' id='word_1_168' title='bbox 230 1088 284 1118; x_wconf 88' lang='lat' dir='ltr'>Ph</span> <span class='ocrx_word' id='word_1_169' title='bbox 279 1055 471 1123; x_wconf 54' lang='lat' dir='ltr'>alasgr9neus,</span> <span class='ocrx_word' id='word_1_170' title='bbox 487 1097 541 1127; x_wconf 82' lang='grc'>42,</span> <span class='ocrx_word' id='word_1_171' title='bbox 562 1095 613 1127; x_wconf 80' lang='grc'>51.</span> 
     </span>
    </p>

    <p class='ocr_par' dir='ltr' id='par_1_9' title="bbox 229 1129 826 1170">
     <span class='ocr_line' id='line_1_21' title="bbox 229 1129 826 1170; baseline -0.002 -10"><span class='ocrx_word' id='word_1_172' title='bbox 229 1130 375 1160; x_wconf 85' lang='lat' dir='ltr'>Phaleras</span> <span class='ocrx_word' id='word_1_173' title='bbox 392 1131 558 1169; x_wconf 88' lang='lat' dir='ltr'>deponunt</span> <span class='ocrx_word' id='word_1_174' title='bbox 575 1129 707 1163; x_wconf 88' lang='lat' dir='ltr'>nobiles,</span> <span class='ocrx_word' id='word_1_175' title='bbox 725 1141 756 1170; x_wconf 89' lang='lat'>9,</span> <span class='ocrx_word' id='word_1_176' title='bbox 773 1133 826 1170; x_wconf 88' lang='lat'>46.</span> 
     </span>
    </p>

    <p class='ocr_par' dir='ltr' id='par_1_10' title="bbox 230 1173 787 1211">
     <span class='ocr_line' id='line_1_22' title="bbox 230 1173 787 1211; baseline 0 -9"><span class='ocrx_word' id='word_1_177' title='bbox 230 1173 370 1203; x_wconf 82' lang='lat' dir='ltr'>Phaleris</span> <span class='ocrx_word' id='word_1_178' title='bbox 385 1174 494 1202; x_wconf 90' lang='lat' dir='ltr'>donati</span> <span class='ocrx_word' id='word_1_179' title='bbox 511 1174 646 1211; x_wconf 77' lang='lat' dir='ltr'>equites,</span> <span class='ocrx_word' id='word_1_180' title='bbox 665 1182 717 1209; x_wconf 87' lang='grc'>39,</span> <span class='ocrx_word' id='word_1_181' title='bbox 736 1183 787 1211; x_wconf 84' lang='lat'>3¹·</span> 
     </span>
    </p>

    <p class='ocr_par' dir='ltr' id='par_1_11' title="bbox 229 1214 1420 1297">
     <span class='ocr_line' id='line_1_23' title="bbox 229 1214 1420 1256; baseline -0.001 -11"><span class='ocrx_word' id='word_1_182' title='bbox 229 1215 388 1251; x_wconf 86' lang='lat' dir='ltr'>Phaloria,</span> <span class='ocrx_word' id='word_1_183' title='bbox 403 1214 559 1254; x_wconf 87' lang='lat' dir='ltr'>oppidum</span> <span class='ocrx_word' id='word_1_184' title='bbox 578 1215 758 1251; x_wconf 71' lang='lat' dir='ltr'>Thessahae,</span> <span class='ocrx_word' id='word_1_185' title='bbox 776 1217 829 1254; x_wconf 82' lang='lat'>36,</span> <span class='ocrx_word' id='word_1_186' title='bbox 851 1225 898 1254; x_wconf 84' lang='lat'>13.</span> <span class='ocrx_word' id='word_1_187' title='bbox 922 1225 974 1254; x_wconf 86' lang='lat'>39,</span> <span class='ocrx_word' id='word_1_188' title='bbox 995 1222 1045 1256; x_wconf 82' lang='grc'>25.</span> <span class='ocrx_word' id='word_1_189' title='bbox 1070 1225 1088 1245; x_wconf 89' lang='lat' dir='ltr'>a</span> <span class='ocrx_word' id='word_1_190' title='bbox 1104 1215 1259 1245; x_wconf 86' lang='lat' dir='ltr'>Romanis</span> <span class='ocrx_word' id='word_1_191' title='bbox 1283 1215 1420 1253; x_wconf 83' lang='lat' dir='ltr'>capitur,</span> 
     </span>
     <span class='ocr_line' id='line_1_24' title="bbox 275 1258 824 1297; baseline 0.004 -11"><span class='ocrx_word' id='word_1_192' title='bbox 275 1259 468 1295; x_wconf 79' lang='lat' dir='ltr'>incenditur,</span> <span class='ocrx_word' id='word_1_193' title='bbox 484 1265 514 1287; x_wconf 89' lang='lat' dir='ltr'>et</span> <span class='ocrx_word' id='word_1_194' title='bbox 530 1258 685 1296; x_wconf 81' lang='lat' dir='ltr'>diripitur,</span> <span class='ocrx_word' id='word_1_195' title='bbox 703 1268 755 1296; x_wconf 88' lang='lat'>32,</span> <span class='ocrx_word' id='word_1_196' title='bbox 777 1266 824 1297; x_wconf 82' lang='grc'>15.</span> 
     </span>
    </p>

    <p class='ocr_par' dir='ltr' id='par_1_12' title="bbox 230 1301 1419 1373">
     <span class='ocr_line' id='line_1_25' title="bbox 230 1301 1419 1341; baseline -0.002 -10"><span class='ocrx_word' id='word_1_197' title='bbox 230 1302 362 1338; x_wconf 76' lang='lat' dir='ltr'>Phanae,</span> <span class='ocrx_word' id='word_1_198' title='bbox 390 1308 498 1340; x_wconf 87' lang='lat' dir='ltr'>porrus</span> <span class='ocrx_word' id='word_1_199' title='bbox 521 1308 551 1330; x_wconf 90' lang='lat' dir='ltr'>et</span> <span class='ocrx_word' id='word_1_200' title='bbox 580 1301 839 1340; x_wconf 83' lang='lat' dir='ltr'>promontorium</span> <span class='ocrx_word' id='word_1_201' title='bbox 867 1301 1036 1337; x_wconf 88' lang='lat' dir='ltr'>Chiorum,</span> <span class='ocrx_word' id='word_1_202' title='bbox 1063 1301 1115 1339; x_wconf 94' lang='grc'>36,</span> <span class='ocrx_word' id='word_1_203' title='bbox 1139 1310 1193 1341; x_wconf 83' lang='grc'>43.</span> <span class='ocrx_word' id='word_1_204' title='bbox 1216 1310 1270 1340; x_wconf 86' lang='grc'>44,</span> <span class='ocrx_word' id='word_1_205' title='bbox 1289 1301 1339 1331; x_wconf 81' lang='grc'>28.</span> <span class='ocrx_word' id='word_1_206' title='bbox 1364 1307 1419 1339; x_wconf 79' lang='grc'>45,</span> 
     </span>
     <span class='ocr_line' id='line_1_26' title="bbox 280 1354 328 1373; baseline -0.021 0"><span class='ocrx_word' id='word_1_207' title='bbox 280 1354 328 1373; x_wconf 84' lang='lat'>10.</span> 
     </span>
    </p>

    <p class='ocr_par' dir='ltr' id='par_1_13' title="bbox 229 1385 880 1425">
     <span class='ocr_line' id='line_1_27' title="bbox 229 1385 880 1425; baseline -0.002 -9"><span class='ocrx_word' id='word_1_208' title='bbox 229 1387 386 1419; x_wconf 77' lang='lat' dir='ltr'>Phanota.</span> <span class='ocrx_word' id='word_1_209' title='bbox 403 1386 478 1415; x_wconf 84' lang='lat' dir='ltr'>urbs</span> <span class='ocrx_word' id='word_1_210' title='bbox 493 1385 592 1424; x_wconf 85' lang='lat' dir='ltr'>Epiri,</span> <span class='ocrx_word' id='word_1_211' title='bbox 607 1396 663 1425; x_wconf 84' lang='grc'>43,</span> <span class='ocrx_word' id='word_1_212' title='bbox 682 1395 732 1423; x_wconf 79' lang='grc'>23.</span> <span class='ocrx_word' id='word_1_213' title='bbox 756 1394 810 1425; x_wconf 79' lang='grc'>45,</span> <span class='ocrx_word' id='word_1_214' title='bbox 830 1388 880 1417; x_wconf 82' lang='grc'>26.</span> 
     </span>
    </p>

    <p class='ocr_par' dir='ltr' id='par_1_14' title="bbox 230 1429 1022 1468">
     <span class='ocr_line' id='line_1_28' title="bbox 230 1429 1022 1468; baseline 0 -10"><span class='ocrx_word' id='word_1_215' title='bbox 230 1430 394 1459; x_wconf 80' lang='lat' dir='ltr'>Phanotea</span> <span class='ocrx_word' id='word_1_216' title='bbox 411 1429 557 1458; x_wconf 85' lang='lat' dir='ltr'>Phocidis</span> <span class='ocrx_word' id='word_1_217' title='bbox 574 1436 667 1468; x_wconf 85' lang='lat' dir='ltr'>capta</span> <span class='ocrx_word' id='word_1_218' title='bbox 682 1439 700 1458; x_wconf 87' lang='lat' dir='ltr'>a</span> <span class='ocrx_word' id='word_1_219' title='bbox 716 1429 882 1461; x_wconf 86' lang='lat' dir='ltr'>Romanis,</span> <span class='ocrx_word' id='word_1_220' title='bbox 899 1438 953 1466; x_wconf 86' lang='lat'>32,</span> <span class='ocrx_word' id='word_1_221' title='bbox 974 1429 1022 1458; x_wconf 88' lang='grc'>18.</span> 
     </span>
    </p>

    <p class='ocr_par' dir='ltr' id='par_1_15' title="bbox 229 1471 1268 1511">
     <span class='ocr_line' id='line_1_29' title="bbox 229 1471 1268 1511; baseline -0.001 -9"><span class='ocrx_word' id='word_1_222' title='bbox 229 1473 421 1508; x_wconf 80' lang='lat' dir='ltr'>Pharnaces,</span> <span class='ocrx_word' id='word_1_223' title='bbox 437 1471 530 1501; x_wconf 89' lang='lat' dir='ltr'>Ponti</span> <span class='ocrx_word' id='word_1_224' title='bbox 548 1480 614 1507; x_wconf 78' lang='lat' dir='ltr'>rex,</span> <span class='ocrx_word' id='word_1_225' title='bbox 630 1471 750 1511; x_wconf 85' lang='lat' dir='ltr'>legatos</span> <span class='ocrx_word' id='word_1_226' title='bbox 768 1472 906 1501; x_wconf 64' lang='lat' dir='ltr'>Romam</span> <span class='ocrx_word' id='word_1_227' title='bbox 923 1471 1034 1507; x_wconf 85' lang='lat' dir='ltr'>mittit,</span> <span class='ocrx_word' id='word_1_228' title='bbox 1051 1481 1107 1510; x_wconf 89' lang='lat'>40,</span> <span class='ocrx_word' id='word_1_229' title='bbox 1126 1481 1154 1502; x_wconf 83' lang='lat'>2.</span> <span class='ocrx_word' id='word_1_230' title='bbox 1171 1477 1201 1500; x_wconf 89' lang='lat' dir='ltr'>et</span> <span class='ocrx_word' id='word_1_231' title='bbox 1218 1480 1268 1502; x_wconf 83' lang='lat'>20.</span> 
     </span>
    </p>

    <p class='ocr_par' dir='ltr' id='par_1_16' title="bbox 233 1514 616 1551">
     <span class='ocr_line' id='line_1_30' title="bbox 233 1514 616 1551; baseline -0.005 -7"><span class='ocrx_word' id='word_1_232' title='bbox 233 1514 390 1544; x_wconf 87' lang='lat' dir='ltr'>Pharsalia</span> <span class='ocrx_word' id='word_1_233' title='bbox 405 1521 497 1550; x_wconf 78' lang='lat' dir='ltr'>terra,</span> <span class='ocrx_word' id='word_1_234' title='bbox 516 1523 567 1551; x_wconf 83' lang='lat'>33,</span> <span class='ocrx_word' id='word_1_235' title='bbox 587 1514 616 1543; x_wconf 92' lang='grc'>6.</span> 
     </span>
    </p>

    <p class='ocr_par' dir='ltr' id='par_1_17' title="bbox 228 1555 1420 1596">
     <span class='ocr_line' id='line_1_31' title="bbox 228 1555 1420 1596; baseline -0.003 -8"><span class='ocrx_word' id='word_1_236' title='bbox 228 1557 408 1594; x_wconf 79' lang='lat' dir='ltr'>Pharsalus,</span> <span class='ocrx_word' id='word_1_237' title='bbox 433 1556 520 1593; x_wconf 86' lang='lat' dir='ltr'>urbs,</span> <span class='ocrx_word' id='word_1_238' title='bbox 540 1566 592 1594; x_wconf 86' lang='lat'>32,</span> <span class='ocrx_word' id='word_1_239' title='bbox 611 1566 662 1595; x_wconf 87' lang='grc'>33.</span> <span class='ocrx_word' id='word_1_240' title='bbox 688 1567 741 1595; x_wconf 87' lang='grc'>34,</span> <span class='ocrx_word' id='word_1_241' title='bbox 759 1567 810 1596; x_wconf 85' lang='grc'>23.</span> <span class='ocrx_word' id='word_1_242' title='bbox 834 1557 920 1586; x_wconf 85' lang='lat' dir='ltr'>dedit</span> <span class='ocrx_word' id='word_1_243' title='bbox 943 1556 972 1586; x_wconf 90' lang='lat' dir='ltr'>se</span> <span class='ocrx_word' id='word_1_244' title='bbox 997 1556 1055 1586; x_wconf 82' lang='grc' dir='ltr'>Μ’.</span> <span class='ocrx_word' id='word_1_245' title='bbox 1072 1555 1191 1593; x_wconf 89' lang='lat' dir='ltr'>Acilio,</span> <span class='ocrx_word' id='word_1_246' title='bbox 1215 1556 1350 1593; x_wconf 89' lang='lat' dir='ltr'>consuli,</span> <span class='ocrx_word' id='word_1_247' title='bbox 1368 1556 1420 1594; x_wconf 85' lang='lat'>36,</span> 
     </span>
    </p>

    <p class='ocr_par' dir='ltr' id='par_1_18' title="bbox 231 1610 1227 1682">
     <span class='ocr_line' id='line_1_32' title="bbox 231 1610 1227 1682; baseline -0.002 -9"><span class='ocrx_word' id='word_1_248' title='bbox 231 1610 394 1677; x_wconf 46' lang='lat' dir='ltr'>Phsslelus,</span> <span class='ocrx_word' id='word_1_249' title='bbox 407 1641 481 1670; x_wconf 84' lang='lat' dir='ltr'>urbs</span> <span class='ocrx_word' id='word_1_250' title='bbox 498 1641 530 1670; x_wconf 90' lang='lat' dir='ltr'>in</span> <span class='ocrx_word' id='word_1_251' title='bbox 548 1641 690 1671; x_wconf 77' lang='lat' dir='ltr'>confinio</span> <span class='ocrx_word' id='word_1_252' title='bbox 707 1642 812 1682; x_wconf 82' lang='lat' dir='ltr'>Lyciae</span> <span class='ocrx_word' id='word_1_253' title='bbox 827 1650 857 1671; x_wconf 90' lang='lat' dir='ltr'>et</span> <span class='ocrx_word' id='word_1_254' title='bbox 874 1641 1085 1681; x_wconf 77' lang='lat' dir='ltr'>Pamphyliae,</span> <span class='ocrx_word' id='word_1_255' title='bbox 1104 1648 1156 1679; x_wconf 87' lang='lat'>37,</span> <span class='ocrx_word' id='word_1_256' title='bbox 1174 1650 1227 1678; x_wconf 87' lang='lat'>23.</span> 
     </span>
    </p>

    <p class='ocr_par' dir='ltr' id='par_1_19' title="bbox 231 1684 674 1723">
     <span class='ocr_line' id='line_1_33' title="bbox 231 1684 674 1723; baseline -0.002 -8"><span class='ocrx_word' id='word_1_257' title='bbox 231 1686 346 1717; x_wconf 83' lang='lat' dir='ltr'>Pheca,</span> <span class='ocrx_word' id='word_1_258' title='bbox 364 1684 534 1723; x_wconf 89' lang='lat' dir='ltr'>oppidum,</span> <span class='ocrx_word' id='word_1_259' title='bbox 555 1693 607 1721; x_wconf 88' lang='lat'>32,</span> <span class='ocrx_word' id='word_1_260' title='bbox 626 1693 674 1723; x_wconf 87' lang='grc'>14.</span> 
     </span>
    </p>

    <p class='ocr_par' dir='ltr' id='par_1_20' title="bbox 230 1727 654 1765">
     <span class='ocr_line' id='line_1_34' title="bbox 230 1727 654 1765; baseline -0.002 -7"><span class='ocrx_word' id='word_1_261' title='bbox 230 1727 409 1763; x_wconf 86' lang='lat' dir='ltr'>Phecadus,</span> <span class='ocrx_word' id='word_1_262' title='bbox 426 1727 512 1761; x_wconf 85' lang='lat' dir='ltr'>urbs,</span> <span class='ocrx_word' id='word_1_263' title='bbox 532 1736 585 1764; x_wconf 81' lang='grc'>31,</span> <span class='ocrx_word' id='word_1_264' title='bbox 603 1736 654 1765; x_wconf 87' lang='lat'>41.</span> 
     </span>
    </p>

    <p class='ocr_par' dir='ltr' id='par_1_21' title="bbox 231 1770 700 1808">
     <span class='ocr_line' id='line_1_35' title="bbox 231 1770 700 1808; baseline -0.004 -8"><span class='ocrx_word' id='word_1_265' title='bbox 231 1772 390 1805; x_wconf 81' lang='lat' dir='ltr'>Pheneus‚</span> <span class='ocrx_word' id='word_1_266' title='bbox 409 1770 580 1808; x_wconf 86' lang='lat' dir='ltr'>oppidum,</span> <span class='ocrx_word' id='word_1_267' title='bbox 600 1770 651 1806; x_wconf 88' lang='lat'>28,</span> <span class='ocrx_word' id='word_1_268' title='bbox 671 1776 700 1805; x_wconf 85' lang='lat'>7.</span> 
     </span>
    </p>

    <p class='ocr_par' dir='ltr' id='par_1_22' title="bbox 232 1810 1421 1936">
     <span class='ocr_line' id='line_1_36' title="bbox 232 1810 1419 1851; baseline -0.003 -8"><span class='ocrx_word' id='word_1_269' title='bbox 232 1810 353 1847; x_wconf 77' lang='lat' dir='ltr'>Pherae,</span> <span class='ocrx_word' id='word_1_270' title='bbox 371 1813 540 1851; x_wconf 82' lang='lat' dir='ltr'>oppidum,</span> <span class='ocrx_word' id='word_1_271' title='bbox 561 1821 612 1849; x_wconf 84' lang='lat'>32,</span> <span class='ocrx_word' id='word_1_272' title='bbox 631 1822 678 1850; x_wconf 89' lang='grc'>13.</span> <span class='ocrx_word' id='word_1_273' title='bbox 704 1821 756 1850; x_wconf 87' lang='grc'>33,</span> <span class='ocrx_word' id='word_1_274' title='bbox 774 1812 805 1841; x_wconf 90' lang='grc'>6.</span> <span class='ocrx_word' id='word_1_275' title='bbox 827 1811 935 1841; x_wconf 88' lang='lat' dir='ltr'>Pheris</span> <span class='ocrx_word' id='word_1_276' title='bbox 950 1811 1096 1842; x_wconf 81' lang='lat' dir='ltr'>exclusus</span> <span class='ocrx_word' id='word_1_277' title='bbox 1111 1811 1278 1850; x_wconf 86' lang='lat' dir='ltr'>Philippus</span> <span class='ocrx_word' id='word_1_278' title='bbox 1295 1811 1372 1840; x_wconf 83' lang='lat' dir='ltr'>redit</span> <span class='ocrx_word' id='word_1_279' title='bbox 1387 1812 1419 1840; x_wconf 91' lang='lat' dir='ltr'>in</span> 
     </span>
     <span class='ocr_line' id='line_1_37' title="bbox 278 1854 1421 1894; baseline -0.002 -9"><span class='ocrx_word' id='word_1_280' title='bbox 278 1855 520 1890; x_wconf 81' lang='lat' dir='ltr'>Macedoniam,</span> <span class='ocrx_word' id='word_1_281' title='bbox 537 1864 590 1892; x_wconf 86' lang='lat'>32,</span> <span class='ocrx_word' id='word_1_282' title='bbox 613 1864 660 1893; x_wconf 89' lang='grc'>13.</span> <span class='ocrx_word' id='word_1_283' title='bbox 686 1855 867 1884; x_wconf 85' lang='lat' dir='ltr'>Antiochus</span> <span class='ocrx_word' id='word_1_284' title='bbox 887 1860 1053 1894; x_wconf 83' lang='lat' dir='ltr'>oppugnat</span> <span class='ocrx_word' id='word_1_285' title='bbox 1068 1861 1099 1884; x_wconf 86' lang='lat' dir='ltr'>et</span> <span class='ocrx_word' id='word_1_286' title='bbox 1115 1854 1200 1893; x_wconf 84' lang='lat' dir='ltr'>capit</span> <span class='ocrx_word' id='word_1_287' title='bbox 1224 1854 1351 1892; x_wconf 82' lang='lat' dir='ltr'>Pheras,</span> <span class='ocrx_word' id='word_1_288' title='bbox 1368 1855 1421 1892; x_wconf 87' lang='grc'>36,</span> 
     </span>
     <span class='ocr_line' id='line_1_38' title="bbox 279 1897 873 1936; baseline -0.003 -8"><span class='ocrx_word' id='word_1_289' title='bbox 279 1908 308 1935; x_wconf 89' lang='grc'>9.</span> <span class='ocrx_word' id='word_1_290' title='bbox 332 1898 440 1927; x_wconf 79' lang='lat' dir='ltr'>Pherae</span> <span class='ocrx_word' id='word_1_291' title='bbox 457 1897 484 1926; x_wconf 91' lang='lat' dir='ltr'>se</span> <span class='ocrx_word' id='word_1_292' title='bbox 497 1897 617 1926; x_wconf 79' lang='lat' dir='ltr'>dedunt</span> <span class='ocrx_word' id='word_1_293' title='bbox 635 1898 803 1934; x_wconf 82' lang='lat' dir='ltr'>Romanis,</span> <span class='ocrx_word' id='word_1_294' title='bbox 824 1907 873 1936; x_wconf 89' lang='lat'>14.</span> 
     </span>
    </p>

    <p class='ocr_par' dir='ltr' id='par_1_23' title="bbox 232 1939 1423 2021">
     <span class='ocr_line' id='line_1_39' title="bbox 232 1939 1423 1981; baseline -0.002 -11"><span class='ocrx_word' id='word_1_295' title='bbox 232 1940 437 1970; x_wconf 75' lang='lat' dir='ltr'>Pheraeorum</span> <span class='ocrx_word' id='word_1_296' title='bbox 453 1940 531 1970; x_wconf 78' lang='lat' dir='ltr'>fides</span> <span class='ocrx_word' id='word_1_297' title='bbox 544 1949 617 1978; x_wconf 81' lang='lat' dir='ltr'>erga</span> <span class='ocrx_word' id='word_1_298' title='bbox 634 1940 811 1981; x_wconf 80' lang='lat' dir='ltr'>Romanos,</span> <span class='ocrx_word' id='word_1_299' title='bbox 829 1941 881 1978; x_wconf 89' lang='grc'>36,</span> <span class='ocrx_word' id='word_1_300' title='bbox 899 1951 930 1980; x_wconf 87' lang='grc'>9.</span> <span class='ocrx_word' id='word_1_301' title='bbox 952 1948 1063 1970; x_wconf 86' lang='lat' dir='ltr'>eorum</span> <span class='ocrx_word' id='word_1_302' title='bbox 1080 1948 1152 1978; x_wconf 83' lang='lat' dir='ltr'>ager</span> <span class='ocrx_word' id='word_1_303' title='bbox 1167 1939 1305 1968; x_wconf 85' lang='lat' dir='ltr'>vastatur</span> <span class='ocrx_word' id='word_1_304' title='bbox 1320 1948 1338 1968; x_wconf 90' lang='lat' dir='ltr'>a</span> <span class='ocrx_word' id='word_1_305' title='bbox 1351 1939 1423 1969; x_wconf 78' lang='lat' dir='ltr'>Per·</span> 
     </span>
     <span class='ocr_line' id='line_1_40' title="bbox 278 1982 482 2021; baseline 0 -9"><span class='ocrx_word' id='word_1_306' title='bbox 278 1983 339 2020; x_wconf 85' lang='lat' dir='ltr'>seo,</span> <span class='ocrx_word' id='word_1_307' title='bbox 357 1993 411 2021; x_wconf 83' lang='lat'>42,</span> <span class='ocrx_word' id='word_1_308' title='bbox 431 1982 482 2021; x_wconf 84' lang='lat'>56.</span> 
     </span>
    </p>

    <p class='ocr_par' dir='ltr' id='par_1_24' title="bbox 233 2025 824 2063">
     <span class='ocr_line' id='line_1_41' title="bbox 233 2025 824 2063; baseline -0.008 -7"><span class='ocrx_word' id='word_1_309' title='bbox 233 2026 356 2062; x_wconf 65' lang='lat' dir='ltr'>Pherae,</span> <span class='ocrx_word' id='word_1_310' title='bbox 374 2026 404 2054; x_wconf 92' lang='lat' dir='ltr'>in</span> <span class='ocrx_word' id='word_1_311' title='bbox 422 2025 583 2054; x_wconf 82' lang='lat' dir='ltr'>Laconico</span> <span class='ocrx_word' id='word_1_312' title='bbox 598 2034 685 2063; x_wconf 83' lang='lat' dir='ltr'>agro,</span> <span class='ocrx_word' id='word_1_313' title='bbox 702 2033 755 2063; x_wconf 83' lang='lat'>35,</span> <span class='ocrx_word' id='word_1_314' title='bbox 774 2034 824 2062; x_wconf 84' lang='lat'>30.</span> 
     </span>
    </p>

    <p class='ocr_par' dir='ltr' id='par_1_25' title="bbox 233 2067 751 2106">
     <span class='ocr_line' id='line_1_42' title="bbox 233 2067 751 2106; baseline -0.002 -8"><span class='ocrx_word' id='word_1_315' title='bbox 233 2069 422 2103; x_wconf 83' lang='lat' dir='ltr'>Pherinum,</span> <span class='ocrx_word' id='word_1_316' title='bbox 440 2067 610 2106; x_wconf 84' lang='lat' dir='ltr'>oppidum‚</span> <span class='ocrx_word' id='word_1_317' title='bbox 628 2077 681 2105; x_wconf 90' lang='grc'>32,</span> <span class='ocrx_word' id='word_1_318' title='bbox 702 2076 751 2106; x_wconf 82' lang='lat'>14.</span> 
     </span>
    </p>

    <p class='ocr_par' dir='ltr' id='par_1_26' title="bbox 234 2110 962 2149">
     <span class='ocr_line' id='line_1_43' title="bbox 234 2110 962 2149; baseline -0.004 -8"><span class='ocrx_word' id='word_1_319' title='bbox 234 2111 338 2146; x_wconf 86' lang='lat' dir='ltr'>Phila,</span> <span class='ocrx_word' id='word_1_320' title='bbox 352 2111 438 2144; x_wconf 85' lang='lat' dir='ltr'>urbs,</span> <span class='ocrx_word' id='word_1_321' title='bbox 455 2120 509 2149; x_wconf 86' lang='lat'>42,</span> <span class='ocrx_word' id='word_1_322' title='bbox 527 2110 579 2146; x_wconf 83' lang='lat'>67.</span> <span class='ocrx_word' id='word_1_323' title='bbox 602 2119 657 2149; x_wconf 87' lang='grc'>44,</span> <span class='ocrx_word' id='word_1_324' title='bbox 678 2120 706 2139; x_wconf 83' lang='lat'>2.</span> <span class='ocrx_word' id='word_1_325' title='bbox 724 2119 752 2148; x_wconf 85' lang='lat'>3.</span> <span class='ocrx_word' id='word_1_326' title='bbox 773 2116 800 2146; x_wconf 94' lang='grc'>7.</span> <span class='ocrx_word' id='word_1_327' title='bbox 818 2111 848 2140; x_wconf 93' lang='grc'>8.</span> <span class='ocrx_word' id='word_1_328' title='bbox 865 2115 895 2138; x_wconf 86' lang='lat' dir='ltr'>et</span> <span class='ocrx_word' id='word_1_329' title='bbox 911 2118 962 2147; x_wconf 86' lang='lat'>34.</span> 
     </span>
    </p>

    <p class='ocr_par' dir='ltr' id='par_1_27' title="bbox 232 2152 667 2191">
     <span class='ocr_line' id='line_1_44' title="bbox 232 2152 667 2191; baseline -0.005 -7"><span class='ocrx_word' id='word_1_330' title='bbox 232 2153 474 2191; x_wconf 67' lang='lat' dir='ltr'>Philadelphus,</span> <span class='ocrx_word' id='word_1_331' title='bbox 491 2152 575 2190; x_wconf 88' lang='lat' dir='ltr'>Epit.</span> <span class='ocrx_word' id='word_1_332' title='bbox 596 2162 667 2190; x_wconf 84' lang='grc'>132.</span> 
     </span>
    </p>

    <p class='ocr_par' dir='ltr' id='par_1_28' title="bbox 232 2192 1422 2275">
     <span class='ocr_line' id='line_1_45' title="bbox 232 2192 1422 2233; baseline -0.003 -6"><span class='ocrx_word' id='word_1_333' title='bbox 232 2196 357 2227; x_wconf 81' lang='lat' dir='ltr'>Phileas</span> <span class='ocrx_word' id='word_1_334' title='bbox 372 2195 578 2231; x_wconf 81' lang='lat' dir='ltr'>Tarentinus,</span> <span class='ocrx_word' id='word_1_335' title='bbox 596 2196 641 2224; x_wconf 90' lang='lat' dir='ltr'>vir</span> <span class='ocrx_word' id='word_1_336' title='bbox 658 2194 790 2233; x_wconf 85' lang='lat' dir='ltr'>inquieti</span> <span class='ocrx_word' id='word_1_337' title='bbox 807 2193 921 2229; x_wconf 79' lang='lat' dir='ltr'>animi,</span> <span class='ocrx_word' id='word_1_338' title='bbox 937 2192 1044 2222; x_wconf 86' lang='lat' dir='ltr'>educit</span> <span class='ocrx_word' id='word_1_339' title='bbox 1069 2192 1209 2223; x_wconf 82' lang='lat' dir='ltr'>custodia</span> <span class='ocrx_word' id='word_1_340' title='bbox 1224 2192 1344 2223; x_wconf 87' lang='lat' dir='ltr'>obsides</span> <span class='ocrx_word' id='word_1_341' title='bbox 1359 2194 1422 2223; x_wconf 86' lang='lat' dir='ltr'>Ta-</span> 
     </span>
     <span class='ocr_line' id='line_1_46' title="bbox 278 2239 609 2275; baseline -0.003 -8"><span class='ocrx_word' id='word_1_342' title='bbox 278 2239 489 2273; x_wconf 81' lang='lat' dir='ltr'>rentinorum,</span> <span class='ocrx_word' id='word_1_343' title='bbox 509 2243 560 2275; x_wconf 86' lang='lat'>25,</span> <span class='ocrx_word' id='word_1_344' title='bbox 580 2242 609 2271; x_wconf 89' lang='lat'>7.</span> 
     </span>
    </p>

    <p class='ocr_par' dir='ltr' id='par_1_29' title="bbox 232 2278 1423 2447">
     <span class='ocr_line' id='line_1_47' title="bbox 232 2278 1422 2316; baseline -0.003 -5"><span class='ocrx_word' id='word_1_345' title='bbox 232 2280 453 2314; x_wconf 75' lang='lat' dir='ltr'>Philemenus,</span> <span class='ocrx_word' id='word_1_346' title='bbox 471 2279 692 2316; x_wconf 79' lang='lat' dir='ltr'>conjuratione</span> <span class='ocrx_word' id='word_1_347' title='bbox 714 2278 795 2308; x_wconf 65' lang='lat' dir='ltr'>faeta</span> <span class='ocrx_word' id='word_1_348' title='bbox 816 2287 893 2308; x_wconf 90' lang='lat' dir='ltr'>cum</span> <span class='ocrx_word' id='word_1_349' title='bbox 918 2278 1078 2308; x_wconf 86' lang='lat' dir='ltr'>nobilibus</span> <span class='ocrx_word' id='word_1_350' title='bbox 1091 2278 1422 2316; x_wconf 79' lang='lat' dir='ltr'>juvenibus&#39;rarenti-</span> 
     </span>
     <span class='ocr_line' id='line_1_48' title="bbox 278 2321 1422 2361; baseline -0.003 -9"><span class='ocrx_word' id='word_1_351' title='bbox 278 2323 339 2358; x_wconf 88' lang='lat' dir='ltr'>nis,</span> <span class='ocrx_word' id='word_1_352' title='bbox 369 2323 471 2361; x_wconf 89' lang='lat' dir='ltr'>prodit</span> <span class='ocrx_word' id='word_1_353' title='bbox 495 2322 648 2351; x_wconf 89' lang='lat' dir='ltr'>Annibali</span> <span class='ocrx_word' id='word_1_354' title='bbox 671 2322 861 2356; x_wconf 82' lang='lat' dir='ltr'>Tarentum,</span> <span class='ocrx_word' id='word_1_355' title='bbox 888 2328 940 2360; x_wconf 85' lang='lat'>25,</span> <span class='ocrx_word' id='word_1_356' title='bbox 958 2323 988 2351; x_wconf 92' lang='lat'>8.</span> <span class='ocrx_word' id='word_1_357' title='bbox 1005 2327 1035 2350; x_wconf 91' lang='lat' dir='ltr'>et</span> <span class='ocrx_word' id='word_1_358' title='bbox 1052 2332 1082 2361; x_wconf 82' lang='lat'>9.</span> <span class='ocrx_word' id='word_1_359' title='bbox 1105 2331 1207 2359; x_wconf 89' lang='lat' dir='ltr'>quum</span> <span class='ocrx_word' id='word_1_360' title='bbox 1233 2321 1422 2359; x_wconf 83' lang='lat' dir='ltr'>reciperetur</span> 
     </span>
     <span class='ocr_line' id='line_1_49' title="bbox 275 2363 1423 2404; baseline -0.001 -10"><span class='ocrx_word' id='word_1_361' title='bbox 275 2366 453 2395; x_wconf 82' lang='lat' dir='ltr'>Tarentum</span> <span class='ocrx_word' id='word_1_362' title='bbox 470 2374 488 2394; x_wconf 86' lang='lat' dir='ltr'>a</span> <span class='ocrx_word' id='word_1_363' title='bbox 504 2364 671 2402; x_wconf 85' lang='lat' dir='ltr'>Romanis,</span> <span class='ocrx_word' id='word_1_364' title='bbox 689 2365 731 2395; x_wconf 84' lang='lat' dir='ltr'>ita</span> <span class='ocrx_word' id='word_1_365' title='bbox 751 2364 842 2404; x_wconf 83' lang='lat' dir='ltr'>perit,</span> <span class='ocrx_word' id='word_1_366' title='bbox 866 2370 902 2394; x_wconf 89' lang='lat' dir='ltr'>ut</span> <span class='ocrx_word' id='word_1_367' title='bbox 925 2372 1040 2404; x_wconf 89' lang='lat' dir='ltr'>corpus</span> <span class='ocrx_word' id='word_1_368' title='bbox 1063 2363 1131 2402; x_wconf 81' lang='lat' dir='ltr'>ejus</span> <span class='ocrx_word' id='word_1_369' title='bbox 1155 2363 1312 2402; x_wconf 84' lang='lat' dir='ltr'>nusquam</span> <span class='ocrx_word' id='word_1_370' title='bbox 1329 2363 1423 2393; x_wconf 82' lang='lat' dir='ltr'>fuerit</span> 
     </span>
     <span class='ocr_line' id='line_1_50' title="bbox 278 2408 605 2447; baseline -0.003 -9"><span class='ocrx_word' id='word_1_371' title='bbox 278 2408 462 2446; x_wconf 86' lang='lat' dir='ltr'>inventum,</span> <span class='ocrx_word' id='word_1_372' title='bbox 482 2415 536 2447; x_wconf 85' lang='lat'>27,</span> <span class='ocrx_word' id='word_1_373' title='bbox 556 2408 605 2441; x_wconf 84' lang='lat'>16.</span> 
     </span>
    </p>
   </div>
   <div class='ocr_carea' id='block_1_3' title="bbox 1534 909 1572 2616">
    <p class='ocr_par' dir='ltr' id='par_1_30' title="bbox 1534 909 1572 2616">
     <span class='ocr_line' id='line_1_51' title="bbox 1534 909 1572 2616; baseline 0 0"><span class='ocrx_word' id='word_1_374' title='bbox 1534 909 1572 2616; x_wconf 95' lang='lat' dir='ltr'> </span> 
     </span>
    </p>
   </div>
   <div class='ocr_carea' id='block_1_4' title="bbox 1543 2025 1558 2574">
    <p class='ocr_par' dir='ltr' id='par_1_31' title="bbox 1543 2025 1558 2574">
     <span class='ocr_line' id='line_1_52' title="bbox 1543 2025 1558 2574; baseline 0 0"><span class='ocrx_word' id='word_1_375' title='bbox 1543 2025 1558 2574; x_wconf 95' lang='lat' dir='ltr'> </span> 
     </span>
    </p>
   </div>
  </div>
 </body>
</html>
