<?xml version="1.0" encoding="UTF-8"?>
<!DOCTYPE html PUBLIC "-//W3C//DTD XHTML 1.0 Transitional//EN"
    "http://www.w3.org/TR/xhtml1/DTD/xhtml1-transitional.dtd">
<html xmlns="http://www.w3.org/1999/xhtml" xml:lang="en" lang="en">
 <head>
  <title>
</title>
<meta http-equiv="Content-Type" content="text/html;charset=utf-8" />
  <meta name='ocr-system' content='tesseract 3.04.00' />
  <meta name='ocr-capabilities' content='ocr_page ocr_carea ocr_par ocr_line ocrx_word'/>
</head>
<body>
  <div class='ocr_page' id='page_1' title='image "./historiarumquaes05livyuoft_0302.png"; bbox 0 0 1572 2616; ppageno 0'>
   <div class='ocr_carea' id='block_1_1' title="bbox 241 160 971 203">
    <p class='ocr_par' dir='ltr' id='par_1_1' title="bbox 241 160 971 203">
     <span class='ocr_line' id='line_1_1' title="bbox 241 160 971 203; baseline 0.003 -4"><span class='ocrx_word' id='word_1_1' title='bbox 241 160 267 199; x_wconf 86' lang='lat'>6</span> <span class='ocrx_word' id='word_1_2' title='bbox 688 172 971 203; x_wconf 70' lang='lat' dir='ltr'>PRAEFATm,</span> 
     </span>
    </p>
   </div>
   <div class='ocr_carea' id='block_1_2' title="bbox 239 260 1432 887">
    <p class='ocr_par' dir='ltr' id='par_1_2' title="bbox 239 260 1432 887">
     <span class='ocr_line' id='line_1_2' title="bbox 239 260 1423 311; baseline 0.005 -16"><span class='ocrx_word' id='word_1_3' title='bbox 239 261 293 295; x_wconf 87' lang='lat' dir='ltr'>uti</span> <span class='ocrx_word' id='word_1_4' title='bbox 309 261 458 309; x_wconf 86' lang='lat' dir='ltr'>paribus</span> <span class='ocrx_word' id='word_1_5' title='bbox 478 260 634 297; x_wconf 76' lang='lat' dir='ltr'>consiliis</span> <span class='ocrx_word' id='word_1_6' title='bbox 655 262 929 311; x_wconf 81' lang='lat' dir='ltr'>rempublicam</span> <span class='ocrx_word' id='word_1_7' title='bbox 949 261 1145 311; x_wconf 70' lang='lat' dir='ltr'>capessam,</span> <span class='ocrx_word' id='word_1_8' title='bbox 1168 263 1423 301; x_wconf 84' lang='lat' dir='ltr'>transferendo</span> 
     </span>
     <span class='ocr_line' id='line_1_3' title="bbox 240 324 1427 376; baseline 0.003 -15"><span class='ocrx_word' id='word_1_9' title='bbox 240 324 315 361; x_wconf 86' lang='lat' dir='ltr'>huc</span> <span class='ocrx_word' id='word_1_10' title='bbox 335 326 434 373; x_wconf 88' lang='lat' dir='ltr'>quod</span> <span class='ocrx_word' id='word_1_11' title='bbox 456 325 613 374; x_wconf 75' lang='lat' dir='ltr'>usquam</span> <span class='ocrx_word' id='word_1_12' title='bbox 634 328 827 375; x_wconf 82' lang='lat' dir='ltr'>egregium</span> <span class='ocrx_word' id='word_1_13' title='bbox 846 328 970 364; x_wconf 88' lang='lat' dir='ltr'>fuerit.</span> <span class='ocrx_word' id='word_1_14' title='bbox 1019 327 1157 374; x_wconf 84' lang='lat' dir='ltr'><strong>Neque</strong></span> <span class='ocrx_word' id='word_1_15' title='bbox 1176 328 1279 364; x_wconf 88' lang='lat' dir='ltr'>enim</span> <span class='ocrx_word' id='word_1_16' title='bbox 1297 329 1427 376; x_wconf 83' lang='lat' dir='ltr'>ignoro</span> 
     </span>
     <span class='ocr_line' id='line_1_4' title="bbox 239 389 1428 436; baseline 0.003 -11"><span class='ocrx_word' id='word_1_17' title='bbox 239 389 359 426; x_wconf 86' lang='lat' dir='ltr'>Julios</span> <span class='ocrx_word' id='word_1_18' title='bbox 380 389 495 433; x_wconf 78' lang='lat' dir='ltr'>Alba,</span> <span class='ocrx_word' id='word_1_19' title='bbox 517 390 770 426; x_wconf 73' lang='lat' dir='ltr'>Coruncanios</span> <span class='ocrx_word' id='word_1_20' title='bbox 791 391 980 435; x_wconf 88' lang='lat' dir='ltr'>Camerio,</span> <span class='ocrx_word' id='word_1_21' title='bbox 1002 392 1149 427; x_wconf 85' lang='lat' dir='ltr'>Porcios</span> <span class='ocrx_word' id='word_1_22' title='bbox 1176 392 1354 436; x_wconf 88' lang='lat' dir='ltr'>Tusculo,</span> <span class='ocrx_word' id='word_1_23' title='bbox 1375 400 1428 435; x_wconf 86' lang='lat' dir='ltr'>et,</span> 
     </span>
     <span class='ocr_line' id='line_1_5' title="bbox 240 453 1428 503; baseline 0.003 -15"><span class='ocrx_word' id='word_1_24' title='bbox 240 465 289 488; x_wconf 91' lang='lat' dir='ltr'>ne</span> <span class='ocrx_word' id='word_1_25' title='bbox 305 460 430 489; x_wconf 83' lang='lat' dir='ltr'>vetera</span> <span class='ocrx_word' id='word_1_26' title='bbox 459 453 679 498; x_wconf 74' lang='lat' dir='ltr'>scrutemur,</span> <span class='ocrx_word' id='word_1_27' title='bbox 702 455 863 498; x_wconf 75' lang='lat' dir='ltr'>Etruria,</span> <span class='ocrx_word' id='word_1_28' title='bbox 882 455 1119 503; x_wconf 73' lang='lat' dir='ltr'>Lucaniaque</span> <span class='ocrx_word' id='word_1_29' title='bbox 1138 461 1175 491; x_wconf 90' lang='lat' dir='ltr'>et</span> <span class='ocrx_word' id='word_1_30' title='bbox 1200 456 1304 491; x_wconf 85' lang='lat' dir='ltr'>omni</span> <span class='ocrx_word' id='word_1_31' title='bbox 1322 455 1428 492; x_wconf 84' lang='lat' dir='ltr'>Italia</span> 
     </span>
     <span class='ocr_line' id='line_1_6' title="bbox 240 509 1429 567; baseline 0.003 -16"><span class='ocrx_word' id='word_1_32' title='bbox 240 516 279 551; x_wconf 87' lang='lat' dir='ltr'>in</span> <span class='ocrx_word' id='word_1_33' title='bbox 309 515 476 553; x_wconf 82' lang='lat' dir='ltr'>senatum</span> <span class='ocrx_word' id='word_1_34' title='bbox 507 519 667 553; x_wconf 80' lang='lat' dir='ltr'>accitos:</span> <span class='ocrx_word' id='word_1_35' title='bbox 700 517 885 566; x_wconf 82' lang='lat' dir='ltr'>postremo</span> <span class='ocrx_word' id='word_1_36' title='bbox 914 518 1031 566; x_wconf 81' lang='lat' dir='ltr'>ipsam</span> <span class='ocrx_word' id='word_1_37' title='bbox 1063 518 1108 554; x_wconf 81' lang='lat' dir='ltr'>ad</span> <span class='ocrx_word' id='word_1_38' title='bbox 1138 518 1254 566; x_wconf 80' lang='lat' dir='ltr'>Alpes</span> <span class='ocrx_word' id='word_1_39' title='bbox 1280 509 1429 567; x_wconf 85' lang='lat' dir='ltr'>permo-</span> 
     </span>
     <span class='ocr_line' id='line_1_7' title="bbox 239 580 1430 630; baseline 0.002 -15"><span class='ocrx_word' id='word_1_40' title='bbox 239 585 332 623; x_wconf 85' lang='lat' dir='ltr'>tam,</span> <span class='ocrx_word' id='word_1_41' title='bbox 353 586 394 616; x_wconf 88' lang='lat' dir='ltr'>ut</span> <span class='ocrx_word' id='word_1_42' title='bbox 422 593 498 616; x_wconf 90' lang='lat' dir='ltr'>non</span> <span class='ocrx_word' id='word_1_43' title='bbox 528 581 640 617; x_wconf 90' lang='lat' dir='ltr'>modo</span> <span class='ocrx_word' id='word_1_44' title='bbox 669 580 800 630; x_wconf 80' lang='lat' dir='ltr'>finguli</span> <span class='ocrx_word' id='word_1_45' title='bbox 828 582 978 625; x_wconf 86' lang='lat' dir='ltr'>viritim,</span> <span class='ocrx_word' id='word_1_46' title='bbox 1002 581 1064 617; x_wconf 85' lang='lat' dir='ltr'>sed</span> <span class='ocrx_word' id='word_1_47' title='bbox 1093 588 1199 618; x_wconf 85' lang='lat' dir='ltr'>terrae</span> <span class='ocrx_word' id='word_1_48' title='bbox 1228 581 1430 630; x_wconf 81' lang='lat' dir='ltr'>gentesque</span> 
     </span>
     <span class='ocr_line' id='line_1_8' title="bbox 242 644 1429 693; baseline 0.002 -15"><span class='ocrx_word' id='word_1_49' title='bbox 242 644 279 678; x_wconf 88' lang='lat' dir='ltr'>in</span> <span class='ocrx_word' id='word_1_50' title='bbox 300 656 438 680; x_wconf 88' lang='lat' dir='ltr'>nomen</span> <span class='ocrx_word' id='word_1_51' title='bbox 459 645 622 681; x_wconf 78' lang='lat' dir='ltr'>nostrum</span> <span class='ocrx_word' id='word_1_52' title='bbox 644 645 902 682; x_wconf 69' lang='lat' dir='ltr'>coalescerent.</span> <span class='ocrx_word' id='word_1_53' title='bbox 937 646 1039 682; x_wconf 90' lang='lat' dir='ltr'>Tum</span> <span class='ocrx_word' id='word_1_54' title='bbox 1057 645 1168 681; x_wconf 89' lang='lat' dir='ltr'>solida</span> <span class='ocrx_word' id='word_1_55' title='bbox 1188 645 1288 680; x_wconf 87' lang='lat' dir='ltr'>dorni</span> <span class='ocrx_word' id='word_1_56' title='bbox 1309 645 1429 693; x_wconf 87' lang='lat' dir='ltr'>quies,</span> 
     </span>
     <span class='ocr_line' id='line_1_9' title="bbox 240 709 1429 758; baseline -0.001 -12"><span class='ocrx_word' id='word_1_57' title='bbox 240 716 279 746; x_wconf 82' lang='lat' dir='ltr'>et</span> <span class='ocrx_word' id='word_1_58' title='bbox 298 710 470 747; x_wconf 84' lang='lat' dir='ltr'>adversus</span> <span class='ocrx_word' id='word_1_59' title='bbox 490 719 642 747; x_wconf 73' lang='lat' dir='ltr'>externa</span> <span class='ocrx_word' id='word_1_60' title='bbox 661 710 872 754; x_wconf 89' lang='lat' dir='ltr'>floruimus,</span> <span class='ocrx_word' id='word_1_61' title='bbox 893 722 1012 758; x_wconf 88' lang='lat' dir='ltr'>quum</span> <span class='ocrx_word' id='word_1_62' title='bbox 1029 709 1280 758; x_wconf 76' lang='lat' dir='ltr'>Transpadani</span> <span class='ocrx_word' id='word_1_63' title='bbox 1309 711 1346 745; x_wconf 87' lang='lat' dir='ltr'>in</span> <span class='ocrx_word' id='word_1_64' title='bbox 1375 710 1429 745; x_wconf 85' lang='lat' dir='ltr'>ci-</span> 
     </span>
     <span class='ocr_line' id='line_1_10' title="bbox 240 774 1430 824; baseline -0.002 -13"><span class='ocrx_word' id='word_1_65' title='bbox 240 775 396 811; x_wconf 83' lang='lat' dir='ltr'>vitatem</span> <span class='ocrx_word' id='word_1_66' title='bbox 416 777 570 824; x_wconf 85' lang='lat' dir='ltr'>recepti,</span> <span class='ocrx_word' id='word_1_67' title='bbox 591 788 710 823; x_wconf 85' lang='lat' dir='ltr'>quum</span> <span class='ocrx_word' id='word_1_68' title='bbox 730 775 850 823; x_wconf 90' lang='lat' dir='ltr'>specie</span> <span class='ocrx_word' id='word_1_69' title='bbox 871 774 1096 810; x_wconf 62' lang='lat' dir='ltr'>devictarum</span> <span class='ocrx_word' id='word_1_70' title='bbox 1117 785 1183 822; x_wconf 91' lang='lat' dir='ltr'>per</span> <span class='ocrx_word' id='word_1_71' title='bbox 1202 774 1333 810; x_wconf 85' lang='lat' dir='ltr'>orbem</span> <span class='ocrx_word' id='word_1_72' title='bbox 1354 778 1430 809; x_wconf 86' lang='lat' dir='ltr'>ter-</span> 
     </span>
     <span class='ocr_line' id='line_1_11' title="bbox 242 836 1432 887; baseline -0.003 -12"><span class='ocrx_word' id='word_1_73' title='bbox 242 850 295 874; x_wconf 83' lang='lat' dir='ltr'>1·ae</span> <span class='ocrx_word' id='word_1_74' title='bbox 314 839 524 887; x_wconf 80' lang='lat' dir='ltr'>legionum,</span> <span class='ocrx_word' id='word_1_75' title='bbox 542 839 673 875; x_wconf 84' lang='lat' dir='ltr'>additis</span> <span class='ocrx_word' id='word_1_76' title='bbox 691 838 974 887; x_wconf 83' lang='lat' dir='ltr'>provincialium</span> <span class='ocrx_word' id='word_1_77' title='bbox 991 837 1230 881; x_wconf 75' lang='lat' dir='ltr'>validiffimis,</span> <span class='ocrx_word' id='word_1_78' title='bbox 1247 836 1338 873; x_wconf 81' lang='lat' dir='ltr'>seffo</span> <span class='ocrx_word' id='word_1_79' title='bbox 1358 838 1432 873; x_wconf 85' lang='lat' dir='ltr'>im·-</span> 
     </span>
    </p>
   </div>
   <div class='ocr_carea' id='block_1_3' title="bbox 241 896 1440 951">
    <p class='ocr_par' dir='ltr' id='par_1_3' title="bbox 241 896 1440 951">
     <span class='ocr_line' id='line_1_12' title="bbox 241 896 1440 951; baseline -0.003 -12"><span class='ocrx_word' id='word_1_80' title='bbox 241 904 345 951; x_wconf 86' lang='lat' dir='ltr'>perio</span> <span class='ocrx_word' id='word_1_81' title='bbox 366 903 589 940; x_wconf 85' lang='lat' dir='ltr'>subventum</span> <span class='ocrx_word' id='word_1_82' title='bbox 607 903 670 940; x_wconf 89' lang='lat' dir='ltr'>est.</span> <span class='ocrx_word' id='word_1_83' title='bbox 712 903 822 939; x_wconf 88' lang='lat' dir='ltr'>Num</span> <span class='ocrx_word' id='word_1_84' title='bbox 844 903 1000 950; x_wconf 79' lang='lat' dir='ltr'>poenitet</span> <span class='ocrx_word' id='word_1_85' title='bbox 1019 901 1154 938; x_wconf 85' lang='lat' dir='ltr'>Balbos</span> <span class='ocrx_word' id='word_1_86' title='bbox 1174 913 1222 936; x_wconf 84' lang='lat' dir='ltr'>ex</span> <span class='ocrx_word' id='word_1_87' title='bbox 1244 896 1440 949; x_wconf 72' lang='lat' dir='ltr'>Hispania,¹</span> 
     </span>
    </p>
   </div>
   <div class='ocr_carea' id='block_1_4' title="bbox 237 963 1436 1654">
    <p class='ocr_par' dir='ltr' id='par_1_4' title="bbox 237 963 1436 1654">
     <span class='ocr_line' id='line_1_13' title="bbox 240 963 1430 1017; baseline -0.001 -15"><span class='ocrx_word' id='word_1_88' title='bbox 240 978 313 1003; x_wconf 86' lang='lat' dir='ltr'>nec</span> <span class='ocrx_word' id='word_1_89' title='bbox 324 967 450 1004; x_wconf 87' lang='lat' dir='ltr'>minus</span> <span class='ocrx_word' id='word_1_90' title='bbox 465 968 621 1017; x_wconf 77' lang='lat' dir='ltr'>insignes</span> <span class='ocrx_word' id='word_1_91' title='bbox 635 968 733 1003; x_wconf 76' lang='lat' dir='ltr'>viros</span> <span class='ocrx_word' id='word_1_92' title='bbox 753 979 801 1003; x_wconf 76' lang='lat' dir='ltr'>ex</span> <span class='ocrx_word' id='word_1_93' title='bbox 819 966 940 1002; x_wconf 81' lang='lat' dir='ltr'>Gallia</span> <span class='ocrx_word' id='word_1_94' title='bbox 956 964 1189 1002; x_wconf 74' lang='lat' dir='ltr'>Narbonensi</span> <span class='ocrx_word' id='word_1_95' title='bbox 1207 963 1430 1001; x_wconf 72' lang='lat' dir='ltr'>transivisse?</span> 
     </span>
     <span class='ocr_line' id='line_1_14' title="bbox 240 1027 1433 1078; baseline -0.002 -12"><span class='ocrx_word' id='word_1_96' title='bbox 240 1029 337 1066; x_wconf 85' lang='lat' dir='ltr'>Haec</span> <span class='ocrx_word' id='word_1_97' title='bbox 357 1031 432 1068; x_wconf 92' lang='lat' dir='ltr'>ille.</span> <span class='ocrx_word' id='word_1_98' title='bbox 491 1032 620 1068; x_wconf 76' lang='lat' dir='ltr'>Quare</span> <span class='ocrx_word' id='word_1_99' title='bbox 652 1037 695 1067; x_wconf 85' lang='lat' dir='ltr'>ut</span> <span class='ocrx_word' id='word_1_100' title='bbox 723 1043 804 1067; x_wconf 86' lang='lat' dir='ltr'>rem</span> <span class='ocrx_word' id='word_1_101' title='bbox 833 1036 950 1066; x_wconf 88' lang='lat' dir='ltr'>totam</span> <span class='ocrx_word' id='word_1_102' title='bbox 981 1030 1018 1065; x_wconf 88' lang='lat' dir='ltr'>in</span> <span class='ocrx_word' id='word_1_103' title='bbox 1046 1040 1164 1078; x_wconf 88' lang='lat' dir='ltr'>pauca</span> <span class='ocrx_word' id='word_1_104' title='bbox 1183 1027 1433 1072; x_wconf 86' lang='lat' dir='ltr'>conferamus,</span> 
     </span>
     <span class='ocr_line' id='line_1_15' title="bbox 242 1091 1434 1145; baseline -0.004 -12"><span class='ocrx_word' id='word_1_105' title='bbox 242 1097 414 1145; x_wconf 85' lang='lat' dir='ltr'>gentium</span> <span class='ocrx_word' id='word_1_106' title='bbox 441 1096 715 1139; x_wconf 78' lang='lat' dir='ltr'>Romanarum,</span> <span class='ocrx_word' id='word_1_107' title='bbox 736 1095 988 1143; x_wconf 85' lang='lat' dir='ltr'>Aboriginum</span> <span class='ocrx_word' id='word_1_108' title='bbox 1016 1093 1117 1138; x_wconf 81' lang='lat' dir='ltr'>alias,</span> <span class='ocrx_word' id='word_1_109' title='bbox 1142 1093 1229 1129; x_wconf 83' lang='lat' dir='ltr'>alias</span> <span class='ocrx_word' id='word_1_110' title='bbox 1254 1091 1434 1141; x_wconf 87' lang='lat' dir='ltr'>Trojanas</span> 
     </span>
     <span class='ocr_line' id='line_1_16' title="bbox 241 1157 1433 1206; baseline -0.003 -9"><span class='ocrx_word' id='word_1_111' title='bbox 241 1159 317 1197; x_wconf 83' lang='lat' dir='ltr'>effe</span> <span class='ocrx_word' id='word_1_112' title='bbox 351 1161 537 1197; x_wconf 86' lang='lat' dir='ltr'>dicimus:</span> <span class='ocrx_word' id='word_1_113' title='bbox 570 1170 729 1206; x_wconf 74' lang='lat' dir='ltr'>quarum</span> <span class='ocrx_word' id='word_1_114' title='bbox 755 1158 829 1193; x_wconf 87' lang='lat' dir='ltr'>illae</span> <span class='ocrx_word' id='word_1_115' title='bbox 862 1158 1072 1199; x_wconf 62' lang='lat' dir='ltr'>Arcadum,</span> <span class='ocrx_word' id='word_1_116' title='bbox 1097 1159 1161 1205; x_wconf 92' lang='lat' dir='ltr'>qui</span> <span class='ocrx_word' id='word_1_117' title='bbox 1191 1158 1302 1206; x_wconf 89' lang='lat' dir='ltr'>primi</span> <span class='ocrx_word' id='word_1_118' title='bbox 1329 1157 1433 1193; x_wconf 86' lang='lat' dir='ltr'>sedes</span> 
     </span>
     <span class='ocr_line' id='line_1_17' title="bbox 242 1220 1434 1270; baseline -0.004 -10"><span class='ocrx_word' id='word_1_119' title='bbox 242 1223 324 1260; x_wconf 87' lang='lat' dir='ltr'>suas</span> <span class='ocrx_word' id='word_1_120' title='bbox 345 1224 381 1259; x_wconf 89' lang='lat' dir='ltr'>in</span> <span class='ocrx_word' id='word_1_121' title='bbox 402 1224 506 1259; x_wconf 84' lang='lat' dir='ltr'>Latio</span> <span class='ocrx_word' id='word_1_122' title='bbox 526 1221 778 1257; x_wconf 75' lang='lat' dir='ltr'>collocarunt:</span> <span class='ocrx_word' id='word_1_123' title='bbox 811 1220 870 1256; x_wconf 83' lang='lat' dir='ltr'>hae</span> <span class='ocrx_word' id='word_1_124' title='bbox 892 1220 1095 1270; x_wconf 78' lang='lat' dir='ltr'>Phrygum,</span> <span class='ocrx_word' id='word_1_125' title='bbox 1112 1220 1176 1268; x_wconf 89' lang='lat' dir='ltr'>qui</span> <span class='ocrx_word' id='word_1_126' title='bbox 1192 1220 1319 1256; x_wconf 86' lang='lat' dir='ltr'>AEnea</span> <span class='ocrx_word' id='word_1_127' title='bbox 1338 1220 1434 1256; x_wconf 89' lang='lat' dir='ltr'>duce</span> 
     </span>
     <span class='ocr_line' id='line_1_18' title="bbox 240 1283 1435 1334; baseline -0.002 -12"><span class='ocrx_word' id='word_1_128' title='bbox 240 1287 279 1323; x_wconf 88' lang='lat' dir='ltr'>in</span> <span class='ocrx_word' id='word_1_129' title='bbox 301 1287 450 1323; x_wconf 80' lang='lat' dir='ltr'>Italiam</span> <span class='ocrx_word' id='word_1_130' title='bbox 469 1287 691 1334; x_wconf 80' lang='lat' dir='ltr'>migrarunt,</span> <span class='ocrx_word' id='word_1_131' title='bbox 713 1285 907 1334; x_wconf 85' lang='lat' dir='ltr'>progenies</span> <span class='ocrx_word' id='word_1_132' title='bbox 928 1283 1023 1320; x_wconf 87' lang='lat' dir='ltr'>sunt.</span> <span class='ocrx_word' id='word_1_133' title='bbox 1062 1285 1190 1331; x_wconf 88' lang='lat' dir='ltr'>Atque</span> <span class='ocrx_word' id='word_1_134' title='bbox 1207 1283 1263 1319; x_wconf 87' lang='lat' dir='ltr'>his</span> <span class='ocrx_word' id='word_1_135' title='bbox 1281 1283 1435 1332; x_wconf 87' lang='lat' dir='ltr'>quidem</span> 
     </span>
     <span class='ocr_line' id='line_1_19' title="bbox 238 1346 1435 1397; baseline -0.004 -11"><span class='ocrx_word' id='word_1_136' title='bbox 238 1349 426 1397; x_wconf 77' lang='lat' dir='ltr'>originem</span> <span class='ocrx_word' id='word_1_137' title='bbox 445 1347 551 1385; x_wconf 81' lang='lat' dir='ltr'>fuisse</span> <span class='ocrx_word' id='word_1_138' title='bbox 572 1348 745 1385; x_wconf 82' lang='lat' dir='ltr'>Graecam</span> <span class='ocrx_word' id='word_1_139' title='bbox 774 1359 906 1383; x_wconf 86' lang='lat' dir='ltr'>omnes</span> <span class='ocrx_word' id='word_1_140' title='bbox 923 1353 1066 1384; x_wconf 85' lang='lat' dir='ltr'>veteres</span> <span class='ocrx_word' id='word_1_141' title='bbox 1086 1346 1252 1383; x_wconf 58' lang='lat' dir='ltr'>auctores</span> <span class='ocrx_word' id='word_1_142' title='bbox 1272 1346 1435 1382; x_wconf 81' lang='lat' dir='ltr'>tradunt.</span> 
     </span>
     <span class='ocr_line' id='line_1_20' title="bbox 237 1410 1435 1461; baseline -0.003 -12"><span class='ocrx_word' id='word_1_143' title='bbox 237 1412 330 1449; x_wconf 90' lang='lat' dir='ltr'>Huc</span> <span class='ocrx_word' id='word_1_144' title='bbox 350 1413 553 1461; x_wconf 75' lang='lat' dir='ltr'>pertinent,</span> <span class='ocrx_word' id='word_1_145' title='bbox 579 1425 738 1461; x_wconf 86' lang='lat' dir='ltr'>quarum</span> <span class='ocrx_word' id='word_1_146' title='bbox 757 1424 831 1448; x_wconf 91' lang='lat' dir='ltr'>una</span> <span class='ocrx_word' id='word_1_147' title='bbox 853 1411 1060 1461; x_wconf 86' lang='lat' dir='ltr'>eademque</span> <span class='ocrx_word' id='word_1_148' title='bbox 1087 1412 1189 1460; x_wconf 88' lang='lat' dir='ltr'>origo</span> <span class='ocrx_word' id='word_1_149' title='bbox 1216 1410 1435 1458; x_wconf 87' lang='lat' dir='ltr'>perhibetur</span> 
     </span>
     <span class='ocr_line' id='line_1_21' title="bbox 237 1473 1434 1525; baseline -0.003 -13"><span class='ocrx_word' id='word_1_150' title='bbox 237 1476 284 1513; x_wconf 87' lang='lat' dir='ltr'>ab</span> <span class='ocrx_word' id='word_1_151' title='bbox 314 1477 484 1525; x_wconf 72' lang='lat' dir='ltr'>antiquis,</span> <span class='ocrx_word' id='word_1_152' title='bbox 503 1477 664 1514; x_wconf 78' lang='lat' dir='ltr'>Albanae</span> <span class='ocrx_word' id='word_1_153' title='bbox 693 1483 732 1514; x_wconf 92' lang='lat' dir='ltr'>et</span> <span class='ocrx_word' id='word_1_154' title='bbox 762 1477 922 1520; x_wconf 87' lang='lat' dir='ltr'>Latinae,</span> <span class='ocrx_word' id='word_1_155' title='bbox 941 1488 1026 1524; x_wconf 85' lang='lat' dir='ltr'>quae</span> <span class='ocrx_word' id='word_1_156' title='bbox 1056 1488 1145 1512; x_wconf 88' lang='lat' dir='ltr'>cum</span> <span class='ocrx_word' id='word_1_157' title='bbox 1174 1487 1193 1511; x_wconf 90' lang='lat' dir='ltr'>a</span> <span class='ocrx_word' id='word_1_158' title='bbox 1220 1475 1367 1522; x_wconf 86' lang='lat' dir='ltr'>regibus</span> <span class='ocrx_word' id='word_1_159' title='bbox 1395 1473 1434 1509; x_wconf 91' lang='lat' dir='ltr'>in</span> 
     </span>
     <span class='ocr_line' id='line_1_22' title="bbox 237 1538 1434 1589; baseline -0.003 -13"><span class='ocrx_word' id='word_1_160' title='bbox 237 1540 428 1577; x_wconf 86' lang='lat' dir='ltr'>civitatem</span> <span class='ocrx_word' id='word_1_161' title='bbox 447 1541 639 1586; x_wconf 60' lang='lat' dir='ltr'>traductae,</span> <span class='ocrx_word' id='word_1_162' title='bbox 659 1549 741 1578; x_wconf 86' lang='lat' dir='ltr'>tum</span> <span class='ocrx_word' id='word_1_163' title='bbox 770 1541 907 1578; x_wconf 70' lang='lat' dir='ltr'>exaffis</span> <span class='ocrx_word' id='word_1_164' title='bbox 935 1540 1084 1589; x_wconf 88' lang='lat' dir='ltr'>regibus</span> <span class='ocrx_word' id='word_1_165' title='bbox 1111 1539 1174 1576; x_wconf 90' lang='lat' dir='ltr'>vel</span> <span class='ocrx_word' id='word_1_166' title='bbox 1201 1538 1348 1575; x_wconf 88' lang='lat' dir='ltr'>senatus</span> <span class='ocrx_word' id='word_1_167' title='bbox 1367 1548 1434 1574; x_wconf 84' lang='lat' dir='ltr'>au-</span> 
     </span>
     <span class='ocr_line' id='line_1_23' title="bbox 237 1603 1436 1654; baseline -0.004 -12"><span class='ocrx_word' id='word_1_168' title='bbox 237 1604 419 1649; x_wconf 68' lang='lat' dir='ltr'>&amp;oritate‚</span> <span class='ocrx_word' id='word_1_169' title='bbox 440 1605 500 1642; x_wconf 88' lang='lat' dir='ltr'>vel</span> <span class='ocrx_word' id='word_1_170' title='bbox 520 1605 653 1654; x_wconf 88' lang='lat' dir='ltr'>populi</span> <span class='ocrx_word' id='word_1_171' title='bbox 674 1605 756 1654; x_wconf 86' lang='lat' dir='ltr'>lege</span> <span class='ocrx_word' id='word_1_172' title='bbox 777 1605 969 1641; x_wconf 87' lang='lat' dir='ltr'>civitatem</span> <span class='ocrx_word' id='word_1_173' title='bbox 985 1603 1070 1640; x_wconf 90' lang='lat' dir='ltr'>sunt</span> <span class='ocrx_word' id='word_1_174' title='bbox 1098 1603 1254 1651; x_wconf 80' lang='lat' dir='ltr'>adeptae.</span> <span class='ocrx_word' id='word_1_175' title='bbox 1310 1603 1436 1638; x_wconf 91' lang='lat' dir='ltr'>Acce-</span> 
     </span>
    </p>
   </div>
   <div class='ocr_carea' id='block_1_5' title="bbox 237 1665 1434 1780">
    <p class='ocr_par' dir='ltr' id='par_1_5' title="bbox 237 1665 1434 1780">
     <span class='ocr_line' id='line_1_24' title="bbox 238 1665 1430 1716; baseline 0.002 -17"><span class='ocrx_word' id='word_1_176' title='bbox 238 1666 329 1702; x_wconf 86' lang='lat' dir='ltr'>dant</span> <span class='ocrx_word' id='word_1_177' title='bbox 346 1665 436 1701; x_wconf 89' lang='lat' dir='ltr'>licet</span> <span class='ocrx_word' id='word_1_178' title='bbox 455 1665 660 1713; x_wconf 78' lang='lat' dir='ltr'>peregrinae</span> <span class='ocrx_word' id='word_1_179' title='bbox 679 1669 828 1705; x_wconf 83' lang='lat' dir='ltr'>familiae</span> <span class='ocrx_word' id='word_1_180' title='bbox 852 1671 917 1713; x_wconf 92' lang='lat' dir='ltr'>(ne</span> <span class='ocrx_word' id='word_1_181' title='bbox 936 1668 1026 1710; x_wconf 82' lang='lat' dir='ltr'>quid</span> <span class='ocrx_word' id='word_1_182' title='bbox 1054 1667 1156 1716; x_wconf 88' lang='lat' dir='ltr'>quod</span> <span class='ocrx_word' id='word_1_183' title='bbox 1173 1667 1218 1703; x_wconf 87' lang='lat' dir='ltr'>ad</span> <span class='ocrx_word' id='word_1_184' title='bbox 1236 1666 1333 1702; x_wconf 89' lang='lat' dir='ltr'>hanc</span> <span class='ocrx_word' id='word_1_185' title='bbox 1351 1678 1430 1702; x_wconf 89' lang='lat' dir='ltr'>rem</span> 
     </span>
     <span class='ocr_line' id='line_1_25' title="bbox 237 1726 1434 1780; baseline -0.003 -14"><span class='ocrx_word' id='word_1_186' title='bbox 237 1730 425 1780; x_wconf 86' lang='lat' dir='ltr'>pertinere</span> <span class='ocrx_word' id='word_1_187' title='bbox 446 1728 615 1764; x_wconf 85' lang='lat' dir='ltr'>videatur</span> <span class='ocrx_word' id='word_1_188' title='bbox 632 1726 977 1776; x_wconf 58' lang='lat' dir='ltr'>praetermittamus)</span> <span class='ocrx_word' id='word_1_189' title='bbox 1002 1739 1102 1774; x_wconf 88' lang='lat' dir='ltr'>quae,</span> <span class='ocrx_word' id='word_1_190' title='bbox 1122 1727 1233 1762; x_wconf 86' lang='lat' dir='ltr'>armis</span> <span class='ocrx_word' id='word_1_191' title='bbox 1250 1733 1289 1763; x_wconf 86' lang='lat' dir='ltr'>et</span> <span class='ocrx_word' id='word_1_192' title='bbox 1307 1735 1434 1775; x_wconf 87' lang='lat' dir='ltr'>tyran-</span> 
     </span>
    </p>
   </div>
   <div class='ocr_carea' id='block_1_6' title="bbox 238 1790 1434 2413">
    <p class='ocr_par' dir='ltr' id='par_1_6' title="bbox 238 1790 1434 2413">
     <span class='ocr_line' id='line_1_26' title="bbox 238 1790 1434 1842; baseline -0.003 -11"><span class='ocrx_word' id='word_1_193' title='bbox 238 1794 327 1832; x_wconf 90' lang='lat' dir='ltr'>nide</span> <span class='ocrx_word' id='word_1_194' title='bbox 345 1793 538 1830; x_wconf 81' lang='lat' dir='ltr'>Caesarum</span> <span class='ocrx_word' id='word_1_195' title='bbox 557 1791 724 1842; x_wconf 78' lang='lat' dir='ltr'>oppressa</span> <span class='ocrx_word' id='word_1_196' title='bbox 738 1791 938 1839; x_wconf 87' lang='lat' dir='ltr'>republica,</span> <span class='ocrx_word' id='word_1_197' title='bbox 957 1791 994 1826; x_wconf 91' lang='lat' dir='ltr'>in</span> <span class='ocrx_word' id='word_1_198' title='bbox 1013 1791 1202 1827; x_wconf 85' lang='lat' dir='ltr'>civitatem</span> <span class='ocrx_word' id='word_1_199' title='bbox 1221 1797 1260 1826; x_wconf 88' lang='lat' dir='ltr'>et</span> <span class='ocrx_word' id='word_1_200' title='bbox 1279 1790 1434 1828; x_wconf 88' lang='lat' dir='ltr'>censum</span> 
     </span>
     <span class='ocr_line' id='line_1_27' title="bbox 238 1854 1433 1903; baseline -0.003 -10"><span class='ocrx_word' id='word_1_201' title='bbox 238 1857 379 1894; x_wconf 82' lang='lat' dir='ltr'>civium</span> <span class='ocrx_word' id='word_1_202' title='bbox 408 1857 668 1893; x_wconf 84' lang='lat' dir='ltr'>Romanorum</span> <span class='ocrx_word' id='word_1_203' title='bbox 698 1854 936 1903; x_wconf 89' lang='lat' dir='ltr'>irrepserunt,</span> <span class='ocrx_word' id='word_1_204' title='bbox 958 1867 1042 1902; x_wconf 87' lang='lat' dir='ltr'>quae</span> <span class='ocrx_word' id='word_1_205' title='bbox 1071 1854 1222 1902; x_wconf 88' lang='lat' dir='ltr'>quidem</span> <span class='ocrx_word' id='word_1_206' title='bbox 1253 1859 1353 1890; x_wconf 86' lang='lat' dir='ltr'>certe</span> <span class='ocrx_word' id='word_1_207' title='bbox 1374 1866 1433 1890; x_wconf 88' lang='lat' dir='ltr'>res</span> 
     </span>
     <span class='ocr_line' id='line_1_28' title="bbox 238 1920 1432 1968; baseline -0.001 -11"><span class='ocrx_word' id='word_1_208' title='bbox 238 1932 317 1958; x_wconf 87' lang='lat' dir='ltr'>non</span> <span class='ocrx_word' id='word_1_209' title='bbox 332 1927 411 1956; x_wconf 84' lang='lat' dir='ltr'>tam</span> <span class='ocrx_word' id='word_1_210' title='bbox 424 1921 663 1968; x_wconf 88' lang='lat' dir='ltr'>splendorem</span> <span class='ocrx_word' id='word_1_211' title='bbox 682 1920 937 1956; x_wconf 84' lang='lat' dir='ltr'>Romanarum</span> <span class='ocrx_word' id='word_1_212' title='bbox 954 1920 1139 1968; x_wconf 82' lang='lat' dir='ltr'>gentium,</span> <span class='ocrx_word' id='word_1_213' title='bbox 1160 1932 1274 1967; x_wconf 81' lang='lat' dir='ltr'>quam</span> <span class='ocrx_word' id='word_1_214' title='bbox 1291 1932 1432 1956; x_wconf 88' lang='lat' dir='ltr'>nomen</span> 
     </span>
     <span class='ocr_line' id='line_1_29' title="bbox 238 1983 1432 2033; baseline 0 -13"><span class='ocrx_word' id='word_1_215' title='bbox 238 1990 279 2021; x_wconf 81' lang='lat' dir='ltr'>et</span> <span class='ocrx_word' id='word_1_216' title='bbox 305 1984 527 2033; x_wconf 82' lang='lat' dir='ltr'>dignitatem</span> <span class='ocrx_word' id='word_1_217' title='bbox 557 1984 717 2019; x_wconf 87' lang='lat' dir='ltr'>Romani</span> <span class='ocrx_word' id='word_1_218' title='bbox 744 1983 890 2031; x_wconf 89' lang='lat' dir='ltr'>imperii</span> <span class='ocrx_word' id='word_1_219' title='bbox 919 1983 1062 2019; x_wconf 75' lang='lat' dir='ltr'>afflixit.</span> <span class='ocrx_word' id='word_1_220' title='bbox 1119 1983 1374 2031; x_wconf 86' lang='lat' dir='ltr'>Circunspice,</span> <span class='ocrx_word' id='word_1_221' title='bbox 1393 1990 1432 2020; x_wconf 87' lang='lat' dir='ltr'>et</span> 
     </span>
     <span class='ocr_line' id='line_1_30' title="bbox 238 2046 1428 2096; baseline -0.001 -12"><span class='ocrx_word' id='word_1_222' title='bbox 238 2059 354 2096; x_wconf 88' lang='lat' dir='ltr'>quam</span> <span class='ocrx_word' id='word_1_223' title='bbox 374 2046 583 2095; x_wconf 84' lang='lat' dir='ltr'>longiffime</span> <span class='ocrx_word' id='word_1_224' title='bbox 609 2052 729 2094; x_wconf 86' lang='lat' dir='ltr'>potes,</span> <span class='ocrx_word' id='word_1_225' title='bbox 750 2047 1002 2083; x_wconf 81' lang='lat' dir='ltr'>maximorum</span> <span class='ocrx_word' id='word_1_226' title='bbox 1031 2058 1233 2094; x_wconf 80' lang='lat' dir='ltr'>regnorum</span> <span class='ocrx_word' id='word_1_227' title='bbox 1255 2047 1428 2095; x_wconf 84' lang='lat' dir='ltr'>auspicia,</span> 
     </span>
     <span class='ocr_line' id='line_1_31' title="bbox 240 2109 1432 2160; baseline 0 -13"><span class='ocrx_word' id='word_1_228' title='bbox 240 2109 463 2160; x_wconf 82' lang='lat' dir='ltr'>progreffus,</span> <span class='ocrx_word' id='word_1_229' title='bbox 483 2109 615 2153; x_wconf 88' lang='lat' dir='ltr'>finem,</span> <span class='ocrx_word' id='word_1_230' title='bbox 637 2122 685 2145; x_wconf 82' lang='lat' dir='ltr'>ex</span> <span class='ocrx_word' id='word_1_231' title='bbox 702 2116 875 2146; x_wconf 84' lang='lat' dir='ltr'>veterum</span> <span class='ocrx_word' id='word_1_232' title='bbox 894 2111 1147 2146; x_wconf 82' lang='lat' dir='ltr'>monumentis</span> <span class='ocrx_word' id='word_1_233' title='bbox 1173 2111 1353 2147; x_wconf 86' lang='lat' dir='ltr'>memoria</span> <span class='ocrx_word' id='word_1_234' title='bbox 1373 2123 1432 2147; x_wconf 91' lang='lat' dir='ltr'>re-</span> 
     </span>
     <span class='ocr_line' id='line_1_32' title="bbox 240 2174 1432 2223; baseline -0.001 -12"><span class='ocrx_word' id='word_1_235' title='bbox 240 2182 342 2223; x_wconf 87' lang='lat' dir='ltr'>pete,</span> <span class='ocrx_word' id='word_1_236' title='bbox 361 2186 586 2223; x_wconf 89' lang='lat' dir='ltr'>quocunque</span> <span class='ocrx_word' id='word_1_237' title='bbox 606 2180 642 2209; x_wconf 86' lang='lat' dir='ltr'>te</span> <span class='ocrx_word' id='word_1_238' title='bbox 661 2174 787 2210; x_wconf 87' lang='lat' dir='ltr'>animo</span> <span class='ocrx_word' id='word_1_239' title='bbox 816 2179 927 2221; x_wconf 88' lang='lat' dir='ltr'>atque</span> <span class='ocrx_word' id='word_1_240' title='bbox 952 2174 1176 2222; x_wconf 77' lang='lat' dir='ltr'>cogitatione</span> <span class='ocrx_word' id='word_1_241' title='bbox 1195 2176 1432 2217; x_wconf 87' lang='lat' dir='ltr'>converteris,</span> 
     </span>
     <span class='ocr_line' id='line_1_33' title="bbox 242 2236 1431 2286; baseline 0 -12"><span class='ocrx_word' id='word_1_242' title='bbox 242 2239 392 2274; x_wconf 88' lang='lat' dir='ltr'>nullum</span> <span class='ocrx_word' id='word_1_243' title='bbox 411 2238 570 2286; x_wconf 90' lang='lat' dir='ltr'>reperies</span> <span class='ocrx_word' id='word_1_244' title='bbox 589 2249 762 2286; x_wconf 84' lang='lat' dir='ltr'>regnum,</span> <span class='ocrx_word' id='word_1_245' title='bbox 783 2237 927 2273; x_wconf 83' lang='lat' dir='ltr'>nullam</span> <span class='ocrx_word' id='word_1_246' title='bbox 949 2236 1232 2285; x_wconf 83' lang='lat' dir='ltr'>rempublicam,</span> <span class='ocrx_word' id='word_1_247' title='bbox 1249 2249 1334 2285; x_wconf 87' lang='lat' dir='ltr'>quae</span> <span class='ocrx_word' id='word_1_248' title='bbox 1354 2249 1431 2274; x_wconf 90' lang='lat' dir='ltr'>non</span> 
     </span>
     <span class='ocr_line' id='line_1_34' title="bbox 243 2298 1429 2348; baseline -0.001 -12"><span class='ocrx_word' id='word_1_249' title='bbox 243 2298 352 2336; x_wconf 85' lang='lat' dir='ltr'>fimili</span> <span class='ocrx_word' id='word_1_250' title='bbox 371 2311 485 2348; x_wconf 88' lang='lat' dir='ltr'>prope</span> <span class='ocrx_word' id='word_1_251' title='bbox 506 2300 583 2337; x_wconf 81' lang='lat' dir='ltr'>fato</span> <span class='ocrx_word' id='word_1_252' title='bbox 608 2300 772 2336; x_wconf 59' lang='lat' dir='ltr'>extincta</span> <span class='ocrx_word' id='word_1_253' title='bbox 791 2299 834 2336; x_wconf 84' lang='lat' dir='ltr'>fit</span> <span class='ocrx_word' id='word_1_254' title='bbox 852 2306 890 2335; x_wconf 87' lang='lat' dir='ltr'>et</span> <span class='ocrx_word' id='word_1_255' title='bbox 906 2298 1085 2348; x_wconf 85' lang='lat' dir='ltr'>oppreffa.</span> <span class='ocrx_word' id='word_1_256' title='bbox 1142 2299 1289 2336; x_wconf 84' lang='lat' dir='ltr'>Graecia</span> <span class='ocrx_word' id='word_1_257' title='bbox 1315 2300 1429 2341; x_wconf 87' lang='lat' dir='ltr'>enirn,</span> 
     </span>
     <span class='ocr_line' id='line_1_35' title="bbox 244 2360 1427 2413; baseline -0.001 -14"><span class='ocrx_word' id='word_1_258' title='bbox 244 2372 329 2411; x_wconf 81' lang='lat' dir='ltr'>quae</span> <span class='ocrx_word' id='word_1_259' title='bbox 347 2361 459 2406; x_wconf 81' lang='lat' dir='ltr'>fama,</span> <span class='ocrx_word' id='word_1_260' title='bbox 477 2374 562 2412; x_wconf 84' lang='lat' dir='ltr'>quae</span> <span class='ocrx_word' id='word_1_261' title='bbox 589 2362 706 2413; x_wconf 81' lang='lat' dir='ltr'>gloria</span> <span class='ocrx_word' id='word_1_262' title='bbox 726 2368 765 2401; x_wconf 85' lang='lat' dir='ltr'>et</span> <span class='ocrx_word' id='word_1_263' title='bbox 782 2362 916 2402; x_wconf 81' lang='lat' dir='ltr'>bellica</span> <span class='ocrx_word' id='word_1_264' title='bbox 933 2362 1042 2401; x_wconf 81' lang='lat' dir='ltr'>laude</span> <span class='ocrx_word' id='word_1_265' title='bbox 1066 2361 1204 2405; x_wconf 83' lang='lat' dir='ltr'>floruit,</span> <span class='ocrx_word' id='word_1_266' title='bbox 1224 2372 1298 2399; x_wconf 82' lang='lat' dir='ltr'>non</span> <span class='ocrx_word' id='word_1_267' title='bbox 1327 2360 1427 2409; x_wconf 84' lang='lat' dir='ltr'>prius</span> 
     </span>
    </p>
   </div>
  </div>
 </body>
</html>
