1572 2616
266 165 344 206 188
606 178 773 207 1NDEx
808 179 864 208 IN
900 179 945 208 T.
971 179 1105 208 L1V11

261 256 296 286 L.
313 256 456 287 Plautius
471 257 599 294 venne,
616 258 739 295 consul,
756 259 788 296 8,
811 268 858 298 19.
881 258 1005 289 bellum
1028 259 1173 289 adversus
1190 258 1383 290 Privernates
1398 268 1451 298 ge-

304 301 354 335 rit,
372 299 442 329 ibid.
460 306 584 338 praetor,
599 310 652 339 40.

260 341 296 371 L.
313 343 454 372 Plautius
485 342 641 382 Hypsaeus
663 351 786 374 creatur
801 351 927 384 praetor,
953 352 1007 383 37,
1032 350 1085 385 47.
1108 344 1233 374 sortitur
1261 343 1450 383 Hispaniam

305 392 496 421 citeriorem,
517 395 567 424 50.

260 427 294 457 P.
311 427 454 458 Plautius
469 428 633 463 Proculus,
650 428 775 465 consul,
791 430 823 466 8,
839 439 890 460 22.

260 470 352 500 Plebs
369 471 445 500 dure
461 470 571 500 habita
587 481 605 501 a
619 471 796 510 Tarquinio
813 472 968 512 Superbo,
990 481 1017 509 1,
1037 473 1087 513 56.

261 529 306 535 -—
321 513 523 553 indulgenter
538 523 556 543 a
571 514 694 551 senatu,
710 524 740 550 2,
758 525 788 554 9.

261 555 349 586 Plebi
363 556 488 594 injuriae
504 565 522 586 a
538 558 729 595 primoribus
745 556 810 587 fieri
826 563 953 597 coeptae,
973 567 1003 594 2,
1021 568 1073 589 21.

262 597 353 628 Plebs
367 608 429 629 aere
445 599 550 629 alieno
564 600 718 639 oppressa,
737 609 767 635 2,
787 610 837 638 23.
860 600 926 629 vid.
943 601 1002 630 AEs
1017 601 1173 637 alienum,
1191 606 1219 628 ct
1234 599 1330 629 Nexi.

261 640 348 671 Plebi
365 642 587 672 conceduntur
609 643 653 672 sui
679 644 878 682 magistratus
901 643 1100 679 sacrosancti,
1118 643 1234 682 quibus
1250 641 1361 672 auxilii
1377 640 1455 670 latio

304 685 451 714 adversus
473 685 618 715 consules
641 685 726 723 esset,
750 695 868 725 nempe
889 686 1009 715 tribuni
1032 685 1145 725 plebis,
1173 695 1203 722 2,
1231 694 1281 723 33.
1305 682 1372 714 vid.
1400 684 1455 714 Se-

306 727 410 757 ceffio.

261 769 354 800 Plebs
370 771 448 800 irata
463 769 605 800 intereffe
620 779 686 800 non
702 770 772 800 vult
788 770 1005 801 consularibus
1022 771 1174 808 comitiis,
1193 781 1224 808 2,
1243 771 1295 810 64.

262 813 394 844 plebem
407 814 489 842 inter
504 813 668 851 patresque
684 814 873 850 certamina,
891 814 956 844 vid.
971 814 1102 844 Seditio.

262 855 366 885 Plebis
382 855 573 892 concilium,
592 859 623 891 6,
642 857 691 893 38.
719 865 771 894 39,
792 864 841 896 15.
863 857 931 886 vid.
947 857 1097 887 Comitia.

262 897 354 928 Plebs
371 898 505 928 damnat
520 897 744 935 Coriolanum,
764 909 794 936 2,
812 907 862 939 35.
887 899 1078 936 Camillum,
1097 907 1128 939 5,
1146 909 1196 937 32.

261 940 379 971 Plebeii
398 942 596 979 magistratus
614 947 648 971 ut
663 942 788 971 tributis
804 943 944 972 comitiis
960 943 1052 980 fiant,
1066 942 1118 971 lex
1134 942 1242 978 fertur,
1261 951 1292 978 2,
1308 940 1360 981 56.

260 983 408 1014 Plebeius
425 985 624 1023 magistratus
641 984 749 1014 nullus
765 985 927 1024 auspicato
943 992 1079 1022 creatur,
1098 985 1129 1021 6,
1143 994 1198 1024 41.

263 1026 302 1056 de
318 1026 445 1056 Plebeio
461 1026 628 1057 consulatu
645 1028 833 1065 certamina,
846 1028 911 1059 vid.
928 1028 1063 1059 Patricii.

263 1068 382 1099 Plebeii
398 1071 567 1108 quaestores
582 1070 690 1108 primi,
707 1080 740 1110 4,
757 1077 808 1109 54.

263 1111 381 1142 Plebeii
399 1112 547 1142 senatoris
564 1114 667 1151 prima
683 1114 768 1152 apud
784 1113 910 1142 Livium
928 1114 1063 1148 mentio,
1082 1122 1114 1152 5,
1133 1122 1183 1143 12.

262 1154 408 1184 Plebeius
423 1155 571 1184 tribunus
588 1155 731 1185 militurn
751 1155 907 1185 consulari
930 1157 1080 1194 potestate
1097 1156 1233 1194 primus,
1252 1160 1283 1193 5,
1305 1163 1354 1185 12.
1370 1153 1455 1193 post-

307 1198 516 1235 quadraginta
530 1204 667 1235 quatuor
682 1207 783 1227 annos
800 1199 901 1236 alege
916 1197 1084 1234 Canuleia,
1103 1198 1135 1235 6,
1153 1205 1204 1235 37.

263 1255 306 1262 -
322 1240 468 1278 magister
488 1241 648 1278 equitum,
668 1241 699 1277 6,
717 1250 768 1279 39.

262 1297 307 1305 —-
321 1281 446 1319 consul,
465 1284 495 1317 6,
512 1292 565 1321 42.
593 1289 624 1320 7,
644 1292 671 1312 1.
694 1283 748 1322 qui
765 1282 827 1312 suis
842 1281 990 1322 auspiciis
1007 1281 1128 1312 bellurn
1145 1281 1278 1321 gesserit,
1298 1287 1328 1318 7,
1347 1281 1378 1310 6.

261 1339 307 1347 -—
322 1324 466 1361 difirator,
485 1332 516 1360 7,
538 1334 548 1353 1
560 1332 587 1361 7.

262 1382 307 1390 -
320 1367 440 1400 censor,
457 1374 490 1404 7,
508 1377 559 1398 22.

261 1425 308 1433 —-·
322 1415 449 1448 praetor,
465 1410 497 1446 8,
514 1418 563 1449 15.

261 1451 380 1482 Plebeii
395 1452 493 1481 ambo
508 1451 652 1481 consules
668 1451 777 1490 primi,
793 1461 846 1490 23,
860 1462 912 1491 31.

260 1493 379 1524 Plebeii
396 1494 435 1523 ad
452 1494 639 1524 aedilitatem
656 1494 803 1524 curulem
820 1494 956 1531 admiffi,

264 1536 382 1567 Plebeii
398 1537 570 1566 decemviri
587 1537 680 1566 sacris
696 1537 867 1573 faciundis,
885 1538 917 1572 6,
936 1503 993 1574 377
1010 1544 1042 1566 et
1057 1545 1113 1575 41.

261 1595 307 1601 —
322 1578 363 1608 ad
379 1579 606 1616 pontificatum
622 1584 652 1607 et
668 1585 861 1618 auguratum
877 1579 1013 1616 admiffi,
1035 1588 1086 1628 10,
1103 1578 1198 1618 6-9,

264 1620 381 1651 Plebeii
401 1621 537 1657 nobiles,
557 1631 608 1656 22,
628 1630 679 1659 34.
694 1628 726 1650 et
743 1629 796 1660 35.

264 1663 383 1693 Plebeii
399 1663 478 1699 ludi,
492 1663 557 1693 vid.
576 1664 667 1693 Ludi.

263 1705 470 1737 Plebiscitum
493 1706 634 1741 nullum,
650 1705 707 1735 nist
729 1715 770 1735 ex
793 1704 979 1736 auftoritate
995 1705 1132 1742 senatus,
1150 1704 1275 1744 perferri
1292 1705 1457 1744 patiuntur

308 1748 428 1778 tribuni
448 1748 560 1787 plebis,
578 1757 611 1786 4,
629 1757 682 1787 49.

264 1807 309 1814 —
324 1797 371 1826 ut,
390 1791 409 1820 fi
428 1791 476 1821 M.
493 1792 605 1821 Furius
623 1800 678 1830 pro
694 1790 844 1820 difitatore
860 1790 936 1830 quid
951 1790 1068 1829 egisset,
1082 1790 1296 1829 quingentum
1314 1789 1455 1818 millium

309 1834 379 1863 aeris
396 1834 422 1863 ei
440 1834 561 1863 mulaa
576 1833 661 1869 effet,
681 1835 712 1870 6,
730 1835 782 1872 38.

264 1892 310 1899 -—
326 1886 365 1905 ne
381 1877 451 1914 quis
468 1877 620 1906 eumdem
639 1877 857 1914 magistratum
875 1876 956 1906 intra
972 1876 1084 1906 decem
1100 1884 1201 1905 annos
1217 1875 1334 1914 capiat,
1353 1881 1383 1911 7,
1399 1883 1453 1913 42.

263 1933 309 1941 —-
324 1919 363 1948 de
378 1919 556 1948 duumviris
569 1918 734 1948 navalibus
751 1919 906 1955 creandis,
924 1928 955 1957 9,
976 1927 1028 1956 30.

265 1977 309 1983 —
324 1962 363 1990 de
380 1960 529 1990 dietata->re
544 1961 692 1996 dicendo,
712 1969 764 1997 27,
784 1972 814 2001 5.

264 2019 310 2026 —
324 2004 362 2033 de
379 2003 566 2042 Campanis,
587 2005 639 2039 26,
659 2013 710 2042 33.

265 2061 310 2068 —
324 2046 362 2075 de
383 2046 558 2084 Liguribus,
575 2055 629 2084 42,
648 2055 699 2076 21.

265 2104 309 2110 ——
322 2095 357 2117 ut
384 2097 461 2117 cum
488 2088 578 2118 sociis
603 2097 639 2117 ac
665 2089 796 2117 nomine
824 2087 936 2117 Latino
961 2087 1106 2126 pecuniae
1131 2086 1257 2116 creditae
1277 2085 1330 2124 jus
1352 2086 1454 2124 idem,

309 2131 396 2168 quod
412 2140 488 2160 cum
505 2130 628 2160 civibus
645 2131 810 2166 Romanis,
829 2130 912 2165 ess'et,
934 2139 986 2169 35,
1006 2138 1035 2165 7.

265 2181 306 2202 ex
323 2172 486 2202 Plebiscito
509 2174 632 2202 senatus
650 2182 762 2211 pacem
779 2173 930 2206 decernit,
950 2181 1002 2209 30,
1018 2181 1071 2210 43.
1088 2170 1156 2210 lege
1173 2178 1319 2208 cautum,
1339 2177 1373 2201 ut
1387 2171 1454 2202 Ple-

312 2214 421 2244 biseita
437 2224 550 2244 ornnes
568 2215 704 2245 Quirites
722 2220 876 2251 tenerent,
894 2224 925 2252 3,
943 2223 994 2253 55.
1019 2216 1050 2250 8,
1072 2224 1120 2244 12.

268 2256 432 2297 Pleiae‚fiu
443 2257 537 2296 potius
554 2258 650 2293 Boeae,
669 2258 758 2287 locus
774 2258 806 2286 in
824 2257 993 2293 Laconica,
1007 2266 1057 2295 35,
1078 2265 1128 2293 27.

269 2299 312 2330 Θ.
330 2299 516 2336 Pleminius,
532 2306 715 2339 propraetor,
732 2301 816 2339 capit
833 2309 931 2328 unam
949 2309 989 2328 ex
1005 2299 1128 2329 arcibus
1146 2300 1331 2335 Locrorum,
1352 2306 1403 2337 29,
1420 2298 1451 2327 6.

310 2341 416 2372 Locris
431 2343 471 2372 ad
488 2343 641 2373 tuendam
658 2342 770 2373 urbem
786 2342 975 2381 relinquitur
991 2351 1008 2372 a
1024 2342 1186 2382 Scipione,
1205 2342 1234 2371 8.
1258 2340 1326 2378 ejus
1341 2339 1455 2370 crude-
