1572 2616
466 123 842 156 HISTORIARUM
877 122 1083 156 LIBROS.
1291 125 1374 174 155,

213 214 291 236 nem
314 205 510 247 promulgat,
527 213 562 238 ut
583 215 658 246 ager
683 215 724 237 ex
750 205 893 237 hostibus
918 212 1033 246 captus
1058 205 1179 238 viritim
1199 207 1372 249 dividatur,

213 249 287 280 ibid.

166 292 208 322 T.
223 292 366 323 Metilius
378 292 487 329 Croto,
500 292 636 332 legatus,
654 302 708 331 23,
728 301 778 331 31.

168 335 368 375 Metropolis,
383 336 458 366 urbs
473 336 653 374 Theffaliae,
671 337 908 376 oppidanorum
924 335 1083 366 concursu
1099 336 1292 377 defenditur,
1310 349 1365 379 32,

217 388 264 417 ¹3·
280 380 405 419 capitur
420 380 460 410 ab
474 380 652 418 Antiocho,
671 381 724 418 36,
742 389 792 410 10.
816 380 847 409 se
861 379 947 410 dedit
964 379 1134 418 Romanis,
1156 389 1205 421 14.

168 421 437 461 Metropolitanus
453 433 588 463 campus
606 424 638 453 in
654 424 802 463 Phrygia,
818 424 871 462 38,
893 430 942 463 15.

167 465 302 495 Mettius
318 467 460 503 Curtius,
483 477 511 504 1,
530 477 579 498 12..
604 467 671 505 ejus
688 467 772 497 clara
787 467 935 498 adversus
951 466 1133 498 Romulum
1151 477 1273 508 pugna,
1291 468 1366 501 ibid.

209 508 298 539 lacus
315 510 445 540 Curtius
461 510 500 540 ab
514 520 552 540 eo
568 509 760 550 appellatus,
783 520 833 548 13.

165 550 300 582 Mettius
325 554 490 590 Fuffetius,
508 553 641 583 diRator
665 554 866 584 Albanorum
889 560 1026 591 creatur,
1045 563 1074 592 r,
1092 564 1144 594 23.
1165 554 1235 593 ejus
1262 554 1364 586 oratio

208 596 248 625 ad
263 596 413 633 Tullum,
431 597 503 627 ibid.
527 598 673 637 perfidia,
692 605 743 635 27.
767 604 798 628 et
815 597 1025 637 supplicium,
1041 599 1094 628 28.

163 638 329 677 Mevania,
345 641 517 680 oppidum,
534 651 565 677 9,
582 651 638 681 41·

161 681 359 720 Mezentius,
373 684 580 714 Etruscorum
603 694 672 723 rex,
689 684 773 714 socia
795 692 885 714 arma
908 683 1025 714 Rutilis
1040 683 1187 715 adversus
1201 684 1362 724 Trojanos

203 735 324 766 jungit,
347 737 375 764 1,
391 738 421 757 2.

162 768 359 806 Mezetulus,
389 770 546 807 Numida,
576 770 744 800 contendit
772 779 850 800 cum
873 769 999 810 Capusa
1022 770 1061 800 de
1085 780 1195 810 regno,
1226 780 1278 810 29,
1305 781 1358 813 29.

205 822 282 852 gens
300 814 509 854 Maffylomrn
533 814 640 844 omnis
658 814 690 843 in
713 813 782 851 ejus
805 814 892 844 venit
916 815 1118 853 potestatem,
1136 814 1210 845 ibid.
1226 815 1367 846 abstinet

200 857 334 887 nomine
353 859 451 897 regio,
473 857 545 889 ibid.
561 857 772 888 matrimonio
788 857 843 887 fibi
862 857 972 896 jungit
994 857 1104 888 sororis
1126 858 1297 889 Annibalis
1318 859 1360 888 fi-

204 899 296 936 liam,
313 901 385 930 ibid.
402 901 503 931 vietus
520 911 538 931 a
562 900 734 938 Masinissa,
751 901 832 940 fugit
855 902 888 931 in
911 901 1211 941 Carthaginiensem
1231 911 1363 942 agrum,

206 952 257 981 30.
275 945 353 974 redit
370 944 402 974 in
420 945 570 984 patriam,
584 944 656 974 ibid.

159 985 309 1025 Mifflon,
325 987 542 1018 Chalcidensis
565 988 724 1027 princeps,
743 995 796 1027 35,
821 988 872 1027 38.
899 987 982 1018 fidus
1006 987 1177 1025 Romanis,
1192 987 1247 1028 46.
1271 987 1361 1028 pedi-

203 1029 262 1060 bus
278 1038 390 1070 captus
407 1030 516 1061 leciica
533 1032 565 1061 in
582 1030 730 1061 senatum
743 1032 936 1067 introfertur,
948 1040 1005 1071 43,
1023 1042 1053 1071 9.
1077 1033 1220 1070 queritur
1236 1031 1275 1061 de
1288 1040 1365 1062 cru--

200 1073 329 1104 delitate
351 1082 382 1104 et
405 1074 567 1114 sacrilegio
582 1074 718 1104 Lucretii
742 1081 773 1104 et
798 1073 971 1111 Hortensii,
995 1080 1170 1115 praetorum
1192 1074 1363 1105 Romano-

201 1126 287 1152 rum,
305 1118 376 1147 ibid.
395 1118 542 1148 vehicula
556 1119 583 1148 ei
598 1117 727 1157 publice
742 1118 936 1158 praebentur‚
960 1127 1009 1149 10.

158 1158 438 1198 Miletus‚civitas‚
455 1170 508 1201 37,
530 1162 579 1191 16.
604 1162 658 1199 38,
678 1171 727 1200 ¹3·

158 1203 289 1234 Milesiis
306 1215 379 1244 ager
401 1205 487 1235 sacer
508 1205 692 1241 restituitur,
707 1205 761 1244 38,
780 1214 831 1243 39.
856 1213 972 1235 eorum
994 1203 1089 1244 legati
1106 1203 1301 1244 pollicentur
1314 1204 1357 1236 ad

198 1247 332 1282 bellurn,
350 1249 506 1288 quidquid
522 1248 647 1278 senatus
663 1249 844 1287 imperaret,
860 1257 915 1287 43,
933 1248 963 1278 8.

156 1288 314 1325 Milionia,
333 1292 420 1329 urbs,
442 1302 491 1328 10,
511 1301 540 1329 3.
557 1300 651 1331 capta
663 1301 682 1321 a
699 1292 868 1328 Romanis,
885 1290 957 1321 ibid.
970 1297 998 1322 et
1015 1299 1067 1330 34.

157 1331 252 1363 Miles
270 1334 436 1366 Romanus
448 1336 578 1375 quando
594 1336 737 1375 primum
753 1336 792 1365 de
805 1333 936 1376 publico
950 1334 1146 1374 stipendium
1169 1335 1352 1375 acceperit?

196 1386 230 1416 4²
250 1385 301 1417 59·

154 1435 196 1442 ——
213 1421 324 1451 cibum
339 1428 517 1462 potumque
532 1431 645 1461 capere
657 1420 758 1460 jussus
774 1421 871 1456 flans,
887 1420 1074 1460 ignominiae
1089 1421 1207 1457 caussa,
1225 1430 1279 1461 24,
1299 1423 1350 1452 16.

154 1462 295 1494 Militem
314 1467 548 1495 mercenarium
562 1465 692 1504 quando
706 1466 849 1504 primum
860 1464 1000 1495 Romani
1011 1464 1208 1495 habuerint?
1229 1475 1281 1504 24,
1293 1473 1350 1505 49.

151 1522 196 1530 —
210 1516 349 1538 veterem
366 1509 507 1539 invitum
523 1509 640 1539 ducere
663 1508 703 1538 ad
725 1507 848 1538 bellum
871 1507 1051 1547 gerendum
1072 1508 1105 1538 in
1122 1508 1354 1540 Macedoniam

196 1552 346 1589 vetitum,
362 1563 415 1591 31,
433 1554 464 1583 8.

151 1609 195 1616 —
211 1595 377 1627 horridum
394 1596 497 1636 magis
513 1595 573 1627 efi‘e
588 1596 692 1633 decet,
709 1604 810 1635 quam
833 1600 985 1624 ornatum
1002 1603 1079 1626 auro
1101 1601 1134 1625 et
1156 1601 1300 1635 argento,
1316 1605 1350 1637 9,

192 1648 246 1676 40.

152 1680 257 1712 Milite
274 1682 342 1719 suo,
361 1693 426 1715 non
443 1690 590 1721 extern0‚
606 1683 653 1714 uti
667 1681 776 1714 solitus
792 1681 975 1720 Romanus,
991 1690 1044 1720 22,
1063 1688 1117 1721 37.

148 1723 282 1762 Milites,
298 1727 437 1765 accensi,
454 1728 486 1765 8,
503 1728 534 1758 8.

148 1783 193 1789 —
208 1770 397 1809 antepilani,
414 1773 445 1808 8,
463 1782 492 1811 9.

149 1826 193 1833 -
208 1814 420 1853 antesignani,
436 1824 468 1850 2,
488 1822 538 1845 20.

148 1870 193 1877 -·
208 1856 366 1894 cauffarss,
386 1859 417 1894 6,
435 1858 465 1887 6.

147 1913 191 1920 —
207 1900 332 1937 hastati,
349 1909 379 1937 7,
397 1910 448 1939 23.
473 1901 506 1937 8,
522 1900 552 1930 8.

146 1957 191 1964 —
206 1942 303 1979 leves,
321 1944 393 1974 ibid.

147 2001 191 2008 --
207 1988 436 2027 manipulares,
455 1995 484 2023 7,
502 1995 554 2024 34.
579 1985 611 2023 8,
627 1986 657 2015 8.
682 1984 732 2015 ubi
748 1991 775 2015 et
790 1983 864 2015 acies
883 1984 1013 2015 Romana
1028 1983 1211 2026 describitur.

145 2044 189 2052 -
204 2031 375 2071 principes,
395 2038 426 2068 7,
442 2040 493 2069 23.
518 2030 551 2067 8,
568 2030 600 2060 8.

145 2087 189 2094 -
203 2075 322 2110 rorarii,
335 2075 406 2105 ibid.

144 2129 189 2137 —
204 2118 331 2154 statarii,
346 2130 377 2159 9,
397 2128 445 2158 ¹9·

144 2174 188 2181 —
204 2160 354 2199 subitam,
371 2161 446 2201 qui?
474 2169 505 2199 3,
522 2170 554 2200 4.
572 2167 627 2199 40,
642 2160 693 2191 26.

145 2217 190 2226 —·
206 2205 315 2241 triarii,
334 2214 364 2242 7,
380 2215 430 2243 23.
457 2204 490 2241 8,
507 2205 537 2234 8.

145 2260 190 2269 —
205 2248 422 2286 tumultuarii,
441 2255 494 2287 35,
511 2257 541 2278 2.

144 2307 188 2315 —
204 2291 355 2328 veterani,
371 2293 404 2328 8,
420 2291 450 2321 8.

143 2334 382 2372 -voluntarii,
400 2343 453 2372 3¹»
469 2335 501 2364 8.

662 2373 693 2404 Η
712 2374 729 2402 6
