1572 2616
124 266 177 296 dia
203 265 297 302 soror,
322 264 384 295 Ve-

125 309 209 339 stalis
232 310 332 348 virgo,
352 317 386 337 a-

127 352 235 382 scenso
291 350 384 381 fimul

127 403 234 431 curru,
287 395 386 433 usque

129 438 162 467 in
189 437 386 478 Capitolium

129 481 293 520 prosecuta
329 481 386 517 est,

130 533 171 554 ne
194 524 387 554 intercedere

129 574 186 597 aut
213 574 318 597 vetare
342 567 387 597 fas

130 610 284 649 cuiquam
335 610 389 640 tri-

129 653 293 684 bunorum
304 652 389 684 esset.

131 696 284 736 Epitoma
331 696 389 726 liii.

131 739 276 770 Valerius
332 739 390 769 lib.

131 783 175 813 vi.
219 783 392 813 Suetonius

132 826 166 857 in
180 825 321 856 Tiberio.
339 826 393 855 Ci-

130 878 204 899 cero
214 878 269 908 pro
281 868 391 899 Caelio.

134 912 333 942 Macrobius.

135 955 253 985 Censor
315 963 393 984 curn

134 998 170 1029 P.
231 997 392 1036 Cornelio,

135 1051 223 1071 anno
240 1043 313 1081 615.

139 1126 174 1157 C.
217 1126 396 1157 CLAUDI-

143 1179 184 1200 us
208 1180 259 1201 ΑΡ.
287 1180 315 1201 r.
344 1180 396 1201 AP-

141 1223 176 1244 N.
221 1222 397 1244 PULCHER.

140 1257 255 1287 AEdilis
266 1257 399 1294 curulis,

140 1309 228 1330 anno
245 1301 318 1339 654.
347 1299 400 1330 Ci-

141 1352 214 1373 cero
240 1343 279 1372 de
302 1342 398 1373 Offic.

142 1387 172 1416 ii.
216 1387 403 1417 Accusatio-

103 1435 110 1443 ’
142 1430 190 1458 nis
202 1429 401 1468 quart0.1’li-

143 1473 216 1502 nius
248 1472 304 1503 lib.
336 1472 401 1502 viii.

146 1523 174 1552 7.
187 1522 219 1544 et
232 1515 286 1546 lib.
301 1525 402 1546 xxxv.

146 1569 177 1598 4.
202 1558 328 1596 Praetor,
347 1569 403 1588 an-

147 1611 190 1631 no
216 1602 289 1642 658-
323 1602 404 1632 Siei-

146 1644 224 1674 liam
278 1647 406 1684 provin·

149 1689 234 1717 ciam
280 1688 406 1719 sortitus

147 1731 202 1760 est.
221 1731 332 1763 Cicero
343 1733 408 1761 Ac-

148 1774 322 1803 cusationis
364 1774 407 1803 se-

149 1817 268 1847 cundo.

137 1856 226 1890 ‘cum
258 1858 305 1889 M.
339 1860 409 1890 Per-

150 1912 270 1942 penna,
321 1913 407 1933 anno

151 1946 224 1976 661.
248 1945 408 1976 Caffiodo-

151 1998 213 2018 rus.
241 1989 354 2019 Cicero
369 1990 408 2019 de

148 2031 356 2062 Divinatione

149 2075 264 2114 primo.

152 2159 409 2190 ARCLAUDI-

156 2211 195 2231 us
230 2211 262 2232 c.
297 2212 324 2233 Ρ.
357 2214 408 2233 ΑΡ.

155 2255 189 2275 κ.
235 2255 410 2276 Ρυιῡυεκ.

154 2288 272 2318 Consul
283 2298 360 2318 curn
374 2290 412 2320 C.

155 2331 323 2368 Norbano,
357 2341 414 2362 an-

158 2383 199 2403 no
212 2382 227 2411 7
237 2385 246 2404 1
256 2383 284 2414 5.
297 2374 414 2404 Caffio-

202 2418 288 2448 Vor..
307 2418 345 2448 V.

334 1816 409 1849 Cos.

470 173 735 213 PATnte'iAE'
767 169 984 210 offlfn‘s.

1261 118 1334 218 ‘352-

453 270 504 294 Ar.
521 273 556 294 N.
574 264 751 293 muchan.
786 261 905 292 Consul
971 269 1009 290 us
1027 259 1058 290 ii.
1093 255 1167 299 Ep}-

451 316 530 337 curn
554 306 603 337 M.
620 307 796 346 Perpenna,
821 314 908 335 anno
973 309 1062 333 toma
1093 302 1168 333 ulti·

452 351 524 389 623.
560 349 771 380 Caffiodorus.
808 348 908 379 obse-

451 403 566 433 quens.

975 356 1040 377 ma·

1061 389 1074 419 1

672 434 686 465 1
967 431 1167 463 TI.CLAU-‘

452 479 518 510 ΑΡ.
549 478 772 510 CLAUDIUS
802 477 840 507 C.
870 477 905 507 F.
974 485 1058 506 ntus
1075 485 1167 506 nnu-

456 532 487 553 c.
519 532 555 554 N.
586 531 763 552 PULCHER.
791 519 910 551 Consul
980 529 1010 549 51
1029 528 1172 550 F.T1.N'.

454 575 533 596 cum
571 566 604 597 P.
638 564 782 602 Servilio,
821 573 908 593 anno
977 562 1041 592 aui
1064 562 1171 602 postea

456 610 530 648 674.
554 608 766 640 Caffiodorus.
797 607 910 637 Cicero
977 614 1172 636 caesrmnu-

456 662 513 692 pro
528 652 672 683 Plancio.
691 652 743 681 Ad
759 651 910 681 Atticum
979 658 1000 679 G
1013 658 1032 678 u
1043 659 1057 679 s
1068 659 1088 678 τ
1100 657 1119 678 u
1130 658 1146 678 s

457 696 574 735 primo.
619 695 792 735 Eutropius
830 693 912 724 libro
978 691 1159 732 appellatus

457 740 525 771 xvi.
980 736 1036 766 est.

712 829 797 859 μ-Αῆ
1026 826 1112 856 ν-Λῆ
1224 856 1227 859 .

458 867 528 898 AP.
573 867 721 898 CLAU-
788 867 823 897 P.
868 865 1049 896 CLAUD1-
1117 864 1152 896 C.
1185 864 1333 899 CLAU-

463 920 547 940 mus
567 920 619 941 Ar>-
641 920 670 941 r.
689 920 722 942 c.

463 963 497 984 N.
541 962 719 984 putenm.

461 997 590 1034 Praetor,
636 1005 724 1026 anno

465 1040 540 1081 690.
612 1039 724 1070 Cicero

464 1091 520 1124 pro
543 1083 662 1113 domo:
693 1084 727 1113 in

467 1127 625 1157 Pisonem.
642 1125 728 1156 Con-

466 1170 602 1200 sulcum
614 1168 728 1200 L.D0-

467 1215 574 1251 mitio,
640 1221 728 1243 anno

468 1257 542 1298 699.
581 1256 646 1287 Dio
670 1255 727 1286 lib.

467 1301 581 1330 xxxix.
613 1298 727 1330 Cicero

467 1344 506 1373 ad
520 1344 667 1374 Atticum
681 1342 726 1372 iii.

467 1387 525 1417 lib.
541 1387 586 1418 iii.
612 1384 728 1417 Famil.

468 1429 585 1460 Censor
597 1438 676 1460 cum
691 1429 728 1459 L.

469 1473 592 1508 Pisone,
642 1481 729 1502 anno

472 1525 545 1556 703.
583 1516 647 1546 Dio
671 1515 728 1545 lib.

470 1559 514 1590 xl.
538 1559 657 1590 Canus
672 1557 728 1589 lib.

470 1604 538 1634 viii.
570 1602 666 1642 Epist.
690 1601 729 1632 ad

474 1646 674 1677 Ciceronem.

473 1690 586 1720 Cicero
609 1689 649 1720 de
674 1688 731 1720 Di-

473 1733 636 1763 vinatione
670 1732 731 1772 pri-

474 1785 540 1806 mo.
574 1776 731 1806 Asconius

475 1819 508 1849 in
518 1819 732 1849 Pisonianam.

791 919 832 939 us
866 918 918 939 ΑΡ.
955 918 983 939 F.
1017 917 1049 939 c.

791 962 826 983 N.
870 961 1048 982 PuLcnen.

790 997 819 1027 A
844 995 895 1026 M.
919 995 1052 1025 Fonteio

795 1037 922 1078 plebeio
947 1039 1055 1068 homi-

795 1091 837 1112 ne
869 1082 1051 1122 adoptatus,

795 1124 942 1155 tribunus
1009 1125 1053 1164 pl.

794 1168 961 1198 annitente
983 1168 1054 1198 Cae-

795 1211 862 1241 sare
877 1211 978 1242 faetus
997 1213 1053 1243 est.

795 1254 986 1285 Ciceronem
999 1264 1053 1286 ur-

795 1298 835 1328 be
854 1297 991 1337 expulit,
1009 1298 1053 1328 le-

793 1350 848 1380 ges
863 1341 1054 1380 perniciosas

795 1384 882 1415 tulit.
938 1385 1054 1416 AEdilis

794 1428 868 1465 fuit,
879 1437 966 1458 anno
979 1430 1054 1469 697.

794 1471 859 1502 Dio
871 1470 928 1501 lib.
939 1473 1056 1502 xxxix.

796 1515 826 1544 A
856 1513 982 1545 Milone
1016 1515 1055 1546 de

796 1558 826 1588 vi
866 1557 1055 1597 postulatus,

797 1610 901 1640 quum
939 1609 1056 1641 praetu-

798 1653 866 1676 ram
877 1651 1008 1685 peteret,
1015 1645 1056 1676 ab

797 1688 913 1720 eodem
934 1689 1057 1720 occisus

799 1733 853 1762 est.
884 1731 967 1770 Epit.
992 1733 1056 1762 ciii.

799 1781 830 1804 et
847 1776 921 1806 cvii.
946 1775 1058 1806 Cicero

799 1818 838 1847 ad
909 1819 1058 1850 Atticum

799 1860 904 1899 primo
922 1874 929 1891 :
1002 1871 1058 1901 pro

800 1903 924 1934 Sextio:
936 1914 992 1944 pro
1001 1905 1058 1935 do-

801 1956 873 1977 mo:
892 1948 930 1977 de
944 1949 1058 1988 Arusp.

802 1990 975 2029 responsis:
1020 1994 1059 2022 de

800 2035 972 2073 provinciis
982 2043 1060 2065 con-

801 2076 955 2107 sularibus
973 2090 979 2107 z
1026 2079 1058 2107 in

802 2119 971 2150 Pisonem:
1004 2130 1060 2160 pro

803 2162 945 2193 Milone:
964 2163 1002 2193 de
1017 2164 1060 2194 le-

803 2206 895 2244 gibus
928 2206 984 2236 lib.
1017 2208 1059 2237 iii.

803 2249 867 2279 Dio
888 2248 943 2279 lib.
960 2259 1060 2280 xxxv.

804 2298 835 2321 et
847 2293 982 2322 xxxviii.
992 2293 1063 2323 Cae-

807 2334 852 2364 sar
889 2335 970 2365 libro
1008 2337 1061 2367 vii.

806 2377 1063 2418 Appianuslibto

1119 918 1203 941 mus
1230 918 1281 941 Ap:
1306 922 1334 944 r.

1119 962 1151 983 c.
1170 963 1204 984 N.
1232 955 1334 994 Cujus

1117 996 1183 1027 duo
1193 996 1250 1028 filii
1263 1008 1334 1030 am*-

1118 1039 1162 1070 bo
1186 1041 1285 1082 Appii
1316 1051 1336 1074 a

1119 1089 1233 1123 patruo
1267 1086 1335 1126 Ap.

1119 1126 1174 1166 pio
1202 1128 1337 1168 adopta-

1120 1169 1142 1199 ti
1159 1170 1243 1202 sunt.
1267 1172 1337 1204 Pae⁴

1119 1212 1236 1245 dianus
1300 1218 1335 1247 in

1120 1255 1318 1298 Miloniana,

1119 1305 1151 1330 et
1167 1300 1286 1332 Caelius
1305 1304 1339 1334 in

1120 1344 1209 1384 epist.
1228 1346 1257 1376 8.
1280 1345 1337 1378 lib.

1120 1387 1188 1419 viii.
1203 1389 1295 1420 Fam.
