<?xml version="1.0" encoding="UTF-8"?>
<!DOCTYPE html PUBLIC "-//W3C//DTD XHTML 1.0 Transitional//EN"
    "http://www.w3.org/TR/xhtml1/DTD/xhtml1-transitional.dtd">
<html xmlns="http://www.w3.org/1999/xhtml" xml:lang="en" lang="en">
 <head>
  <title>
</title>
<meta http-equiv="Content-Type" content="text/html;charset=utf-8" />
  <meta name='ocr-system' content='tesseract 3.04.00' />
  <meta name='ocr-capabilities' content='ocr_page ocr_carea ocr_par ocr_line ocrx_word'/>
</head>
<body>
  <div class='ocr_page' id='page_1' title='image "./historiarumquaes05livyuoft_0303.png"; bbox 0 0 1572 2616; ppageno 0'>
   <div class='ocr_carea' id='block_1_1' title="bbox 566 130 1302 179">
    <p class='ocr_par' dir='ltr' id='par_1_1' title="bbox 566 130 1302 179">
     <span class='ocr_line' id='line_1_1' title="bbox 566 130 1302 179; baseline -0.005 0"><span class='ocrx_word' id='word_1_1' title='bbox 566 145 852 179; x_wconf 71' lang='lat' dir='ltr'>PRAEFA&#39;rlo.</span> <span class='ocrx_word' id='word_1_2' title='bbox 1280 130 1302 175; x_wconf 91' lang='lat'><em>7</em></span> 
     </span>
    </p>
   </div>
   <div class='ocr_carea' id='block_1_2' title="bbox 110 224 1309 2399">
    <p class='ocr_par' dir='ltr' id='par_1_2' title="bbox 110 224 1309 2399">
     <span class='ocr_line' id='line_1_2' title="bbox 118 224 1306 291; baseline -0.018 -12"><span class='ocrx_word' id='word_1_3' title='bbox 118 241 199 280; x_wconf 81' lang='lat' dir='ltr'>haec</span> <span class='ocrx_word' id='word_1_4' title='bbox 217 243 350 287; x_wconf 77' lang='lat' dir='ltr'>amisit,</span> <span class='ocrx_word' id='word_1_5' title='bbox 371 253 484 291; x_wconf 83' lang='lat' dir='ltr'>quam</span> <span class='ocrx_word' id='word_1_6' title='bbox 503 239 620 277; x_wconf 83' lang='lat' dir='ltr'>Persae</span> <span class='ocrx_word' id='word_1_7' title='bbox 640 239 678 274; x_wconf 88' lang='lat' dir='ltr'>in</span> <span class='ocrx_word' id='word_1_8' title='bbox 697 233 886 273; x_wconf 85' lang='lat' dir='ltr'>Graeciarn</span> <span class='ocrx_word' id='word_1_9' title='bbox 903 232 1088 266; x_wconf 82' lang='lat' dir='ltr'>venerunt</span> <span class='ocrx_word' id='word_1_10' title='bbox 1104 241 1112 262; x_wconf 89' lang='lat'>:</span> <span class='ocrx_word' id='word_1_11' title='bbox 1136 231 1198 261; x_wconf 82' lang='lat' dir='ltr'>aut</span> <span class='ocrx_word' id='word_1_12' title='bbox 1218 224 1306 260; x_wconf 73' lang='lat' dir='ltr'>Per-</span> 
     </span>
     <span class='ocr_line' id='line_1_3' title="bbox 117 288 1306 355; baseline -0.013 -13"><span class='ocrx_word' id='word_1_13' title='bbox 117 306 179 350; x_wconf 90' lang='lat' dir='ltr'>sae,</span> <span class='ocrx_word' id='word_1_14' title='bbox 197 309 373 355; x_wconf 87' lang='lat' dir='ltr'>(quorum</span> <span class='ocrx_word' id='word_1_15' title='bbox 395 306 475 355; x_wconf 82' lang='lat' dir='ltr'>post</span> <span class='ocrx_word' id='word_1_16' title='bbox 492 305 646 342; x_wconf 80' lang='lat' dir='ltr'>Graecos</span> <span class='ocrx_word' id='word_1_17' title='bbox 662 299 901 338; x_wconf 81' lang='lat' dir='ltr'>clariffirnum</span> <span class='ocrx_word' id='word_1_18' title='bbox 920 305 1061 331; x_wconf 88' lang='lat' dir='ltr'>nornen</span> <span class='ocrx_word' id='word_1_19' title='bbox 1080 288 1170 335; x_wconf 85' lang='lat' dir='ltr'>fuit)</span> <span class='ocrx_word' id='word_1_20' title='bbox 1190 300 1306 337; x_wconf 86' lang='lat' dir='ltr'>quam</span> 
     </span>
     <span class='ocr_line' id='line_1_4' title="bbox 115 352 1306 416; baseline -0.016 -8"><span class='ocrx_word' id='word_1_21' title='bbox 115 370 346 407; x_wconf 82' lang='lat' dir='ltr'>Macedones</span> <span class='ocrx_word' id='word_1_22' title='bbox 364 372 401 406; x_wconf 89' lang='lat' dir='ltr'>in</span> <span class='ocrx_word' id='word_1_23' title='bbox 423 368 582 406; x_wconf 81' lang='lat' dir='ltr'>Perfiam</span> <span class='ocrx_word' id='word_1_24' title='bbox 601 364 841 416; x_wconf 81' lang='lat' dir='ltr'>penetrarint.</span> <span class='ocrx_word' id='word_1_25' title='bbox 872 361 932 397; x_wconf 89' lang='lat' dir='ltr'>Sic</span> <span class='ocrx_word' id='word_1_26' title='bbox 951 355 1209 396; x_wconf 80' lang='lat' dir='ltr'>Macedonum</span> <span class='ocrx_word' id='word_1_27' title='bbox 1223 352 1306 401; x_wconf 83' lang='lat' dir='ltr'>glo-</span> 
     </span>
     <span class='ocr_line' id='line_1_5' title="bbox 113 418 1306 471; baseline -0.003 -3"><span class='ocrx_word' id='word_1_28' title='bbox 113 434 166 469; x_wconf 87' lang='lat' dir='ltr'>ria</span> <span class='ocrx_word' id='word_1_29' title='bbox 195 433 301 470; x_wconf 84' lang='lat' dir='ltr'>facile</span> <span class='ocrx_word' id='word_1_30' title='bbox 330 435 515 471; x_wconf 81' lang='lat' dir='ltr'>Romanae</span> <span class='ocrx_word' id='word_1_31' title='bbox 546 431 672 468; x_wconf 82' lang='lat' dir='ltr'>virtuti</span> <span class='ocrx_word' id='word_1_32' title='bbox 702 428 814 466; x_wconf 81' lang='lat' dir='ltr'>ceffit.</span> <span class='ocrx_word' id='word_1_33' title='bbox 871 426 927 461; x_wconf 81' lang='lat' dir='ltr'>At</span> <span class='ocrx_word' id='word_1_34' title='bbox 951 434 1041 459; x_wconf 71' lang='lat' dir='ltr'>vero</span> <span class='ocrx_word' id='word_1_35' title='bbox 1070 418 1230 457; x_wconf 61' lang='lat' dir='ltr'>Romani</span> <span class='ocrx_word' id='word_1_36' title='bbox 1258 428 1306 452; x_wconf 63' lang='grc' dir='ltr'>ΗΠ</span> 
     </span>
     <span class='ocr_line' id='line_1_6' title="bbox 115 481 1307 547; baseline -0.013 -15"><span class='ocrx_word' id='word_1_37' title='bbox 115 508 190 532; x_wconf 91' lang='lat' dir='ltr'>non</span> <span class='ocrx_word' id='word_1_38' title='bbox 212 497 318 534; x_wconf 89' lang='lat' dir='ltr'>fimili</span> <span class='ocrx_word' id='word_1_39' title='bbox 339 511 488 547; x_wconf 87' lang='lat' dir='ltr'>quoque</span> <span class='ocrx_word' id='word_1_40' title='bbox 508 497 597 542; x_wconf 77' lang='lat' dir='ltr'>fato,</span> <span class='ocrx_word' id='word_1_41' title='bbox 616 507 737 544; x_wconf 89' lang='lat' dir='ltr'>quum</span> <span class='ocrx_word' id='word_1_42' title='bbox 757 492 839 542; x_wconf 83' lang='lat' dir='ltr'>jam</span> <span class='ocrx_word' id='word_1_43' title='bbox 858 491 897 527; x_wconf 88' lang='lat' dir='ltr'>in</span> <span class='ocrx_word' id='word_1_44' title='bbox 924 488 1073 525; x_wconf 88' lang='lat' dir='ltr'>summo</span> <span class='ocrx_word' id='word_1_45' title='bbox 1092 483 1209 533; x_wconf 84' lang='lat' dir='ltr'>gradu</span> <span class='ocrx_word' id='word_1_46' title='bbox 1227 481 1307 518; x_wconf 93' lang='lat' dir='ltr'>col-</span> 
     </span>
     <span class='ocr_line' id='line_1_7' title="bbox 114 547 1304 615; baseline -0.012 -20"><span class='ocrx_word' id='word_1_47' title='bbox 114 559 225 597; x_wconf 82' lang='lat' dir='ltr'>locati</span> <span class='ocrx_word' id='word_1_48' title='bbox 253 561 383 605; x_wconf 82' lang='lat' dir='ltr'>effent,</span> <span class='ocrx_word' id='word_1_49' title='bbox 407 561 623 610; x_wconf 76' lang='lat' dir='ltr'>praecipitati</span> <span class='ocrx_word' id='word_1_50' title='bbox 644 559 754 596; x_wconf 84' lang='lat' dir='ltr'>sunt?</span> <span class='ocrx_word' id='word_1_51' title='bbox 812 556 913 592; x_wconf 90' lang='lat' dir='ltr'>Ecce</span> <span class='ocrx_word' id='word_1_52' title='bbox 941 552 1043 590; x_wconf 90' lang='lat' dir='ltr'>enim</span> <span class='ocrx_word' id='word_1_53' title='bbox 1071 549 1136 598; x_wconf 89' lang='lat' dir='ltr'>qui</span> <span class='ocrx_word' id='word_1_54' title='bbox 1158 547 1304 615; x_wconf 61' lang='lat' dir='ltr'>opibus3</span> 
     </span>
     <span class='ocr_line' id='line_1_8' title="bbox 115 614 1305 674; baseline -0.002 -16"><span class='ocrx_word' id='word_1_55' title='bbox 115 624 180 670; x_wconf 90' lang='lat' dir='ltr'>qui</span> <span class='ocrx_word' id='word_1_56' title='bbox 205 623 336 672; x_wconf 83' lang='lat' dir='ltr'>gloria,</span> <span class='ocrx_word' id='word_1_57' title='bbox 358 626 420 673; x_wconf 89' lang='lat' dir='ltr'>qui</span> <span class='ocrx_word' id='word_1_58' title='bbox 449 626 607 674; x_wconf 83' lang='lat' dir='ltr'>imperio</span> <span class='ocrx_word' id='word_1_59' title='bbox 635 622 810 659; x_wconf 85' lang='lat' dir='ltr'>omnium</span> <span class='ocrx_word' id='word_1_60' title='bbox 836 618 1007 668; x_wconf 88' lang='lat' dir='ltr'>gentium</span> <span class='ocrx_word' id='word_1_61' title='bbox 1027 614 1218 655; x_wconf 81' lang='lat' dir='ltr'>florerent,</span> <span class='ocrx_word' id='word_1_62' title='bbox 1239 621 1305 658; x_wconf 72' lang='lat' dir='ltr'>qm</span> 
     </span>
     <span class='ocr_line' id='line_1_9' title="bbox 114 677 1304 736; baseline 0.003 -14"><span class='ocrx_word' id='word_1_63' title='bbox 114 699 190 723; x_wconf 91' lang='lat' dir='ltr'>non</span> <span class='ocrx_word' id='word_1_64' title='bbox 210 687 307 724; x_wconf 76' lang='lat' dir='ltr'>bella</span> <span class='ocrx_word' id='word_1_65' title='bbox 321 696 492 732; x_wconf 81' lang='lat' dir='ltr'>externa,</span> <span class='ocrx_word' id='word_1_66' title='bbox 511 701 586 725; x_wconf 88' lang='lat' dir='ltr'>non</span> <span class='ocrx_word' id='word_1_67' title='bbox 601 700 722 736; x_wconf 82' lang='lat' dir='ltr'>reges,</span> <span class='ocrx_word' id='word_1_68' title='bbox 740 698 817 722; x_wconf 89' lang='lat' dir='ltr'>non</span> <span class='ocrx_word' id='word_1_69' title='bbox 836 688 1004 732; x_wconf 68' lang='lat' dir='ltr'>gentem,</span> <span class='ocrx_word' id='word_1_70' title='bbox 1018 691 1094 715; x_wconf 90' lang='lat' dir='ltr'>non</span> <span class='ocrx_word' id='word_1_71' title='bbox 1112 677 1304 713; x_wconf 66' lang='lat' dir='ltr'>nationem</span> 
     </span>
     <span class='ocr_line' id='line_1_10' title="bbox 112 738 1306 800; baseline -0.011 -14"><span class='ocrx_word' id='word_1_72' title='bbox 112 750 229 787; x_wconf 78' lang='lat' dir='ltr'>ullam</span> <span class='ocrx_word' id='word_1_73' title='bbox 258 753 576 800; x_wconf 71' lang='lat' dir='ltr'>pertimescerent,</span> <span class='ocrx_word' id='word_1_74' title='bbox 608 752 632 787; x_wconf 90' lang='lat' dir='ltr'>ii</span> <span class='ocrx_word' id='word_1_75' title='bbox 664 750 833 786; x_wconf 86' lang='lat' dir='ltr'>intestino</span> <span class='ocrx_word' id='word_1_76' title='bbox 856 748 1022 797; x_wconf 87' lang='lat' dir='ltr'>primum</span> <span class='ocrx_word' id='word_1_77' title='bbox 1040 750 1080 779; x_wconf 88' lang='lat' dir='ltr'>et</span> <span class='ocrx_word' id='word_1_78' title='bbox 1104 738 1306 777; x_wconf 84' lang='lat' dir='ltr'>domestico</span> 
     </span>
     <span class='ocr_line' id='line_1_11' title="bbox 113 806 1306 864; baseline -0.003 -14"><span class='ocrx_word' id='word_1_79' title='bbox 113 814 215 851; x_wconf 86' lang='lat' dir='ltr'>bello</span> <span class='ocrx_word' id='word_1_80' title='bbox 244 818 399 864; x_wconf 83' lang='lat' dir='ltr'>propriis</span> <span class='ocrx_word' id='word_1_81' title='bbox 433 816 568 852; x_wconf 85' lang='lat' dir='ltr'>infidiis</span> <span class='ocrx_word' id='word_1_82' title='bbox 598 815 792 858; x_wconf 84' lang='lat' dir='ltr'>debilitati,</span> <span class='ocrx_word' id='word_1_83' title='bbox 818 825 909 849; x_wconf 80' lang='lat' dir='ltr'>mox</span> <span class='ocrx_word' id='word_1_84' title='bbox 933 809 1044 846; x_wconf 81' lang='lat' dir='ltr'>armis</span> <span class='ocrx_word' id='word_1_85' title='bbox 1063 806 1306 843; x_wconf 72' lang='lat' dir='ltr'>barbararum</span> 
     </span>
     <span class='ocr_line' id='line_1_12' title="bbox 113 871 1305 928; baseline -0.008 -14"><span class='ocrx_word' id='word_1_86' title='bbox 113 879 285 926; x_wconf 87' lang='lat' dir='ltr'>gentium</span> <span class='ocrx_word' id='word_1_87' title='bbox 304 880 475 928; x_wconf 86' lang='lat' dir='ltr'>oppressi,</span> <span class='ocrx_word' id='word_1_88' title='bbox 495 888 534 917; x_wconf 89' lang='lat' dir='ltr'>et</span> <span class='ocrx_word' id='word_1_89' title='bbox 561 880 718 928; x_wconf 88' lang='lat' dir='ltr'>imperio</span> <span class='ocrx_word' id='word_1_90' title='bbox 746 877 877 926; x_wconf 83' lang='lat' dir='ltr'>pr&#39;1vati</span> <span class='ocrx_word' id='word_1_91' title='bbox 897 875 994 912; x_wconf 87' lang='lat' dir='ltr'>sunt.</span> <span class='ocrx_word' id='word_1_92' title='bbox 1051 873 1105 909; x_wconf 83' lang='lat' dir='ltr'>Ea</span> <span class='ocrx_word' id='word_1_93' title='bbox 1124 871 1305 908; x_wconf 85' lang='lat' dir='ltr'>nimirum</span> 
     </span>
     <span class='ocr_line' id='line_1_13' title="bbox 113 937 1303 981; baseline -0.004 -4"><span class='ocrx_word' id='word_1_94' title='bbox 113 940 364 979; x_wconf 75' lang='lat' dir='ltr'>humanarum</span> <span class='ocrx_word' id='word_1_95' title='bbox 382 955 508 979; x_wconf 89' lang='lat' dir='ltr'>rerum</span> <span class='ocrx_word' id='word_1_96' title='bbox 537 943 701 979; x_wconf 88' lang='lat' dir='ltr'>conditio</span> <span class='ocrx_word' id='word_1_97' title='bbox 720 943 772 979; x_wconf 83' lang='lat' dir='ltr'>est</span> <span class='ocrx_word' id='word_1_98' title='bbox 792 949 830 978; x_wconf 95' lang='lat' dir='ltr'>et</span> <span class='ocrx_word' id='word_1_99' title='bbox 850 947 993 981; x_wconf 85' lang='lat' dir='ltr'>natura,</span> <span class='ocrx_word' id='word_1_100' title='bbox 1011 945 1054 975; x_wconf 92' lang='lat' dir='ltr'>ut</span> <span class='ocrx_word' id='word_1_101' title='bbox 1081 937 1174 974; x_wconf 85' lang='lat' dir='ltr'>nihil</span> <span class='ocrx_word' id='word_1_102' title='bbox 1195 942 1303 973; x_wconf 85' lang='lat' dir='ltr'>aeter-</span> 
     </span>
     <span class='ocr_line' id='line_1_14' title="bbox 114 1003 1304 1053; baseline -0.003 -10"><span class='ocrx_word' id='word_1_103' title='bbox 114 1018 223 1051; x_wconf 84' lang='lat' dir='ltr'>num,</span> <span class='ocrx_word' id='word_1_104' title='bbox 241 1007 332 1044; x_wconf 87' lang='lat' dir='ltr'>nihil</span> <span class='ocrx_word' id='word_1_105' title='bbox 350 1008 520 1053; x_wconf 81' lang='lat' dir='ltr'>firmum,</span> <span class='ocrx_word' id='word_1_106' title='bbox 543 1011 667 1046; x_wconf 85' lang='lat' dir='ltr'>omnia</span> <span class='ocrx_word' id='word_1_107' title='bbox 688 1008 856 1045; x_wconf 86' lang='lat' dir='ltr'>mortalia</span> <span class='ocrx_word' id='word_1_108' title='bbox 875 1007 945 1044; x_wconf 89' lang='lat' dir='ltr'>fint</span> <span class='ocrx_word' id='word_1_109' title='bbox 963 1012 1002 1042; x_wconf 90' lang='lat' dir='ltr'>et</span> <span class='ocrx_word' id='word_1_110' title='bbox 1021 1004 1172 1041; x_wconf 88' lang='lat' dir='ltr'>caduca.</span> <span class='ocrx_word' id='word_1_111' title='bbox 1228 1003 1304 1040; x_wconf 90' lang='lat' dir='ltr'>Eo-</span> 
     </span>
     <span class='ocr_line' id='line_1_15' title="bbox 114 1068 1305 1121; baseline -0.002 -16"><span class='ocrx_word' id='word_1_112' title='bbox 114 1070 202 1106; x_wconf 88' lang='lat' dir='ltr'>dem</span> <span class='ocrx_word' id='word_1_113' title='bbox 222 1083 310 1120; x_wconf 88' lang='lat' dir='ltr'>ergo</span> <span class='ocrx_word' id='word_1_114' title='bbox 328 1085 404 1120; x_wconf 91' lang='lat' dir='ltr'>quo</span> <span class='ocrx_word' id='word_1_115' title='bbox 422 1072 631 1121; x_wconf 75' lang='lat' dir='ltr'>respublica</span> <span class='ocrx_word' id='word_1_116' title='bbox 658 1073 749 1116; x_wconf 89' lang='lat' dir='ltr'>fato,</span> <span class='ocrx_word' id='word_1_117' title='bbox 769 1079 899 1121; x_wconf 81' lang='lat' dir='ltr'>gentes</span> <span class='ocrx_word' id='word_1_118' title='bbox 928 1082 1078 1120; x_wconf 89' lang='lat' dir='ltr'>quoque</span> <span class='ocrx_word' id='word_1_119' title='bbox 1095 1077 1133 1106; x_wconf 92' lang='lat' dir='ltr'>et</span> <span class='ocrx_word' id='word_1_120' title='bbox 1151 1068 1305 1105; x_wconf 79' lang='lat' dir='ltr'>familiae</span> 
     </span>
     <span class='ocr_line' id='line_1_16' title="bbox 113 1132 1306 1185; baseline -0.002 -15"><span class='ocrx_word' id='word_1_121' title='bbox 113 1134 296 1171; x_wconf 82' lang='lat' dir='ltr'>Romanae</span> <span class='ocrx_word' id='word_1_122' title='bbox 314 1137 573 1174; x_wconf 87' lang='lat' dir='ltr'>conciderunt.</span> <span class='ocrx_word' id='word_1_123' title='bbox 632 1138 737 1173; x_wconf 89' lang='lat' dir='ltr'>Nam</span> <span class='ocrx_word' id='word_1_124' title='bbox 768 1138 1028 1185; x_wconf 84' lang='lat' dir='ltr'>Imperatores,</span> <span class='ocrx_word' id='word_1_125' title='bbox 1047 1134 1114 1182; x_wconf 88' lang='lat' dir='ltr'>qui</span> <span class='ocrx_word' id='word_1_126' title='bbox 1141 1133 1234 1170; x_wconf 92' lang='lat' dir='ltr'>nihil</span> <span class='ocrx_word' id='word_1_127' title='bbox 1259 1132 1306 1168; x_wconf 88' lang='lat' dir='ltr'>ad</span> 
     </span>
     <span class='ocr_line' id='line_1_17' title="bbox 112 1198 1309 1250; baseline 0.001 -17"><span class='ocrx_word' id='word_1_128' title='bbox 112 1198 311 1235; x_wconf 86' lang='lat' dir='ltr'>arbitrium</span> <span class='ocrx_word' id='word_1_129' title='bbox 330 1199 492 1244; x_wconf 84' lang='lat' dir='ltr'>senatus,</span> <span class='ocrx_word' id='word_1_130' title='bbox 514 1202 638 1237; x_wconf 82' lang='lat' dir='ltr'>omnia</span> <span class='ocrx_word' id='word_1_131' title='bbox 670 1213 736 1250; x_wconf 89' lang='lat' dir='ltr'>pro</span> <span class='ocrx_word' id='word_1_132' title='bbox 756 1200 908 1237; x_wconf 80' lang='lat' dir='ltr'>libidine</span> <span class='ocrx_word' id='word_1_133' title='bbox 930 1200 968 1236; x_wconf 92' lang='lat' dir='ltr'>in</span> <span class='ocrx_word' id='word_1_134' title='bbox 989 1198 1180 1248; x_wconf 86' lang='lat' dir='ltr'>republica</span> <span class='ocrx_word' id='word_1_135' title='bbox 1199 1209 1309 1247; x_wconf 89' lang='lat' dir='ltr'>gere-</span> 
     </span>
     <span class='ocr_line' id='line_1_18' title="bbox 111 1264 1306 1314; baseline 0.002 -17"><span class='ocrx_word' id='word_1_136' title='bbox 111 1268 211 1305; x_wconf 89' lang='lat' dir='ltr'>rent,</span> <span class='ocrx_word' id='word_1_137' title='bbox 233 1264 419 1311; x_wconf 82' lang='lat' dir='ltr'>optimnm</span> <span class='ocrx_word' id='word_1_138' title='bbox 447 1277 638 1314; x_wconf 80' lang='lat' dir='ltr'>querique,</span> <span class='ocrx_word' id='word_1_139' title='bbox 659 1271 704 1301; x_wconf 89' lang='lat' dir='ltr'>ut</span> <span class='ocrx_word' id='word_1_140' title='bbox 727 1265 854 1301; x_wconf 90' lang='lat' dir='ltr'>nullus</span> <span class='ocrx_word' id='word_1_141' title='bbox 878 1265 1004 1301; x_wconf 88' lang='lat' dir='ltr'>virtuti</span> <span class='ocrx_word' id='word_1_142' title='bbox 1032 1264 1306 1313; x_wconf 86' lang='lat' dir='ltr'>relinqueretur</span> 
     </span>
     <span class='ocr_line' id='line_1_19' title="bbox 111 1323 1308 1378; baseline 0.003 -18"><span class='ocrx_word' id='word_1_143' title='bbox 111 1323 232 1369; x_wconf 88' lang='lat' dir='ltr'>locus,</span> <span class='ocrx_word' id='word_1_144' title='bbox 261 1326 498 1364; x_wconf 82' lang='lat' dir='ltr'>sustulerunt.</span> <span class='ocrx_word' id='word_1_145' title='bbox 554 1329 611 1365; x_wconf 85' lang='lat' dir='ltr'>Ita</span> <span class='ocrx_word' id='word_1_146' title='bbox 638 1341 758 1378; x_wconf 90' lang='lat' dir='ltr'>quum</span> <span class='ocrx_word' id='word_1_147' title='bbox 778 1328 1032 1378; x_wconf 78' lang='lat' dir='ltr'>indignissimis</span> <span class='ocrx_word' id='word_1_148' title='bbox 1058 1326 1308 1376; x_wconf 82' lang='lat' dir='ltr'>maximisque</span> 
     </span>
     <span class='ocr_line' id='line_1_20' title="bbox 112 1388 1304 1441; baseline 0.003 -17"><span class='ocrx_word' id='word_1_149' title='bbox 112 1388 277 1425; x_wconf 85' lang='lat' dir='ltr'>caedibus</span> <span class='ocrx_word' id='word_1_150' title='bbox 305 1390 481 1427; x_wconf 81' lang='lat' dir='ltr'>exhausta</span> <span class='ocrx_word' id='word_1_151' title='bbox 500 1391 705 1441; x_wconf 85' lang='lat' dir='ltr'>respublica</span> <span class='ocrx_word' id='word_1_152' title='bbox 727 1400 765 1430; x_wconf 91' lang='lat' dir='ltr'>et</span> <span class='ocrx_word' id='word_1_153' title='bbox 784 1393 856 1430; x_wconf 86' lang='lat' dir='ltr'>suis</span> <span class='ocrx_word' id='word_1_154' title='bbox 884 1394 1011 1430; x_wconf 86' lang='lat' dir='ltr'>orbata</span> <span class='ocrx_word' id='word_1_155' title='bbox 1038 1391 1129 1429; x_wconf 78' lang='lat' dir='ltr'>esset</span> <span class='ocrx_word' id='word_1_156' title='bbox 1147 1392 1304 1435; x_wconf 83' lang='lat' dir='ltr'>civibus,</span> 
     </span>
     <span class='ocr_line' id='line_1_21' title="bbox 113 1454 1307 1506; baseline 0.003 -18"><span class='ocrx_word' id='word_1_157' title='bbox 113 1454 324 1502; x_wconf 86' lang='lat' dir='ltr'>peregrinas</span> <span class='ocrx_word' id='word_1_158' title='bbox 338 1462 375 1491; x_wconf 85' lang='lat' dir='ltr'>ct</span> <span class='ocrx_word' id='word_1_159' title='bbox 396 1456 565 1493; x_wconf 78' lang='lat' dir='ltr'>barbaras</span> <span class='ocrx_word' id='word_1_160' title='bbox 582 1464 713 1506; x_wconf 85' lang='lat' dir='ltr'>gentes</span> <span class='ocrx_word' id='word_1_161' title='bbox 732 1470 807 1494; x_wconf 92' lang='lat' dir='ltr'>non</span> <span class='ocrx_word' id='word_1_162' title='bbox 828 1458 863 1494; x_wconf 86' lang='lat' dir='ltr'>in</span> <span class='ocrx_word' id='word_1_163' title='bbox 885 1458 1074 1494; x_wconf 82' lang='lat' dir='ltr'>civitatem</span> <span class='ocrx_word' id='word_1_164' title='bbox 1095 1457 1222 1500; x_wconf 88' lang='lat' dir='ltr'>modo,</span> <span class='ocrx_word' id='word_1_165' title='bbox 1240 1454 1307 1492; x_wconf 86' lang='lat' dir='ltr'>sed</span> 
     </span>
     <span class='ocr_line' id='line_1_22' title="bbox 111 1517 1304 1571; baseline 0.004 -20"><span class='ocrx_word' id='word_1_166' title='bbox 111 1517 226 1553; x_wconf 88' lang='lat' dir='ltr'>etiam</span> <span class='ocrx_word' id='word_1_167' title='bbox 255 1518 292 1553; x_wconf 90' lang='lat' dir='ltr'>in</span> <span class='ocrx_word' id='word_1_168' title='bbox 321 1519 586 1567; x_wconf 85' lang='lat' dir='ltr'>ampliffimum</span> <span class='ocrx_word' id='word_1_169' title='bbox 607 1521 834 1559; x_wconf 89' lang='lat' dir='ltr'>senatorium</span> <span class='ocrx_word' id='word_1_170' title='bbox 853 1522 1025 1559; x_wconf 87' lang='lat' dir='ltr'>ordinem</span> <span class='ocrx_word' id='word_1_171' title='bbox 1051 1522 1237 1571; x_wconf 85' lang='lat' dir='ltr'>legerunt,</span> <span class='ocrx_word' id='word_1_172' title='bbox 1259 1519 1304 1556; x_wconf 87' lang='lat' dir='ltr'>ad</span> 
     </span>
     <span class='ocr_line' id='line_1_23' title="bbox 111 1584 1306 1636; baseline 0.003 -20"><span class='ocrx_word' id='word_1_173' title='bbox 111 1591 204 1628; x_wconf 91' lang='lat' dir='ltr'>quos</span> <span class='ocrx_word' id='word_1_174' title='bbox 226 1593 316 1618; x_wconf 83' lang='lat' dir='ltr'>mox</span> <span class='ocrx_word' id='word_1_175' title='bbox 346 1584 503 1632; x_wconf 85' lang='lat' dir='ltr'>imperio</span> <span class='ocrx_word' id='word_1_176' title='bbox 531 1585 715 1630; x_wconf 84' lang='lat' dir='ltr'>transsato,</span> <span class='ocrx_word' id='word_1_177' title='bbox 733 1586 908 1636; x_wconf 88' lang='lat' dir='ltr'>splendor</span> <span class='ocrx_word' id='word_1_178' title='bbox 937 1587 1193 1623; x_wconf 82' lang='lat' dir='ltr'>Romanarum</span> <span class='ocrx_word' id='word_1_179' title='bbox 1212 1596 1306 1634; x_wconf 86' lang='lat' dir='ltr'>gen·</span> 
     </span>
     <span class='ocr_line' id='line_1_24' title="bbox 110 1644 1305 1700; baseline 0.005 -20"><span class='ocrx_word' id='word_1_180' title='bbox 110 1644 207 1681; x_wconf 84' lang='lat' dir='ltr'>tium</span> <span class='ocrx_word' id='word_1_181' title='bbox 227 1652 310 1682; x_wconf 92' lang='lat' dir='ltr'>tum</span> <span class='ocrx_word' id='word_1_182' title='bbox 330 1647 483 1693; x_wconf 90' lang='lat' dir='ltr'>quidem</span> <span class='ocrx_word' id='word_1_183' title='bbox 499 1648 643 1687; x_wconf 88' lang='lat' dir='ltr'>deletus</span> <span class='ocrx_word' id='word_1_184' title='bbox 663 1651 736 1687; x_wconf 86' lang='lat' dir='ltr'>est:</span> <span class='ocrx_word' id='word_1_185' title='bbox 762 1651 920 1700; x_wconf 86' lang='lat' dir='ltr'>imperio</span> <span class='ocrx_word' id='word_1_186' title='bbox 938 1663 1026 1687; x_wconf 85' lang='lat' dir='ltr'>vero</span> <span class='ocrx_word' id='word_1_187' title='bbox 1047 1651 1086 1686; x_wconf 88' lang='lat' dir='ltr'>in</span> <span class='ocrx_word' id='word_1_188' title='bbox 1102 1649 1305 1687; x_wconf 82' lang='lat' dir='ltr'>Thraciam</span> 
     </span>
     <span class='ocr_line' id='line_1_25' title="bbox 112 1706 1306 1760; baseline 0.009 -18"><span class='ocrx_word' id='word_1_189' title='bbox 112 1706 299 1751; x_wconf 87' lang='lat' dir='ltr'>transsato,</span> <span class='ocrx_word' id='word_1_190' title='bbox 321 1707 430 1756; x_wconf 89' lang='lat' dir='ltr'>plane</span> <span class='ocrx_word' id='word_1_191' title='bbox 449 1707 613 1745; x_wconf 72' lang='lat' dir='ltr'>sublatus</span> <span class='ocrx_word' id='word_1_192' title='bbox 635 1715 687 1745; x_wconf 77' lang='lat' dir='ltr'>cst</span> <span class='ocrx_word' id='word_1_193' title='bbox 705 1721 744 1745; x_wconf 75' lang='lat' dir='ltr'>et</span> <span class='ocrx_word' id='word_1_194' title='bbox 762 1715 972 1752; x_wconf 56' lang='lat' dir='ltr'>mainerus:</span> <span class='ocrx_word' id='word_1_195' title='bbox 1004 1727 1104 1760; x_wconf 78' lang='lat' dir='ltr'>quae,</span> <span class='ocrx_word' id='word_1_196' title='bbox 1120 1726 1205 1751; x_wconf 86' lang='lat' dir='ltr'>mea</span> <span class='ocrx_word' id='word_1_197' title='bbox 1222 1713 1306 1757; x_wconf 79' lang='lat' dir='ltr'>qui·</span> 
     </span>
     <span class='ocr_line' id='line_1_26' title="bbox 111 1774 1307 1824; baseline 0.002 -14"><span class='ocrx_word' id='word_1_198' title='bbox 111 1774 201 1811; x_wconf 91' lang='lat' dir='ltr'>dem</span> <span class='ocrx_word' id='word_1_199' title='bbox 221 1775 412 1824; x_wconf 84' lang='lat' dir='ltr'>opinione,</span> <span class='ocrx_word' id='word_1_200' title='bbox 435 1775 541 1811; x_wconf 90' lang='lat' dir='ltr'>causa</span> <span class='ocrx_word' id='word_1_201' title='bbox 562 1776 613 1811; x_wconf 90' lang='lat' dir='ltr'>est</span> <span class='ocrx_word' id='word_1_202' title='bbox 632 1788 699 1812; x_wconf 88' lang='lat' dir='ltr'>cur</span> <span class='ocrx_word' id='word_1_203' title='bbox 723 1774 952 1824; x_wconf 82' lang='lat' dir='ltr'>jampridem</span> <span class='ocrx_word' id='word_1_204' title='bbox 972 1776 1144 1824; x_wconf 86' lang='lat' dir='ltr'>gentium</span> <span class='ocrx_word' id='word_1_205' title='bbox 1165 1776 1307 1812; x_wconf 83' lang='lat' dir='ltr'>Roma-</span> 
     </span>
     <span class='ocr_line' id='line_1_27' title="bbox 113 1839 1306 1887; baseline 0.002 -13"><span class='ocrx_word' id='word_1_206' title='bbox 113 1850 247 1875; x_wconf 85' lang='lat' dir='ltr'>narum</span> <span class='ocrx_word' id='word_1_207' title='bbox 261 1839 456 1887; x_wconf 87' lang='lat' dir='ltr'>vestigium</span> <span class='ocrx_word' id='word_1_208' title='bbox 471 1846 575 1876; x_wconf 86' lang='lat' dir='ltr'>extet</span> <span class='ocrx_word' id='word_1_209' title='bbox 589 1839 750 1876; x_wconf 87' lang='lat' dir='ltr'>nullum.</span> <span class='ocrx_word' id='word_1_210' title='bbox 783 1840 858 1876; x_wconf 84' lang='lat' dir='ltr'>Sed</span> <span class='ocrx_word' id='word_1_211' title='bbox 871 1840 952 1875; x_wconf 78' lang='lat' dir='ltr'>liaec</span> <span class='ocrx_word' id='word_1_212' title='bbox 966 1839 1154 1876; x_wconf 60' lang='lat' dir='ltr'>haetenus.</span> <span class='ocrx_word' id='word_1_213' title='bbox 1187 1841 1228 1876; x_wconf 89' lang='lat' dir='ltr'>N</span> <span class='ocrx_word' id='word_1_214' title='bbox 1231 1852 1306 1876; x_wconf 91' lang='lat' dir='ltr'>unc</span> 
     </span>
     <span class='ocr_line' id='line_1_28' title="bbox 113 1902 1304 1952; baseline 0.001 -14"><span class='ocrx_word' id='word_1_215' title='bbox 113 1902 202 1950; x_wconf 91' lang='lat' dir='ltr'>quid</span> <span class='ocrx_word' id='word_1_216' title='bbox 230 1914 320 1951; x_wconf 88' lang='lat' dir='ltr'>gens</span> <span class='ocrx_word' id='word_1_217' title='bbox 343 1902 398 1946; x_wconf 89' lang='lat' dir='ltr'>fit,</span> <span class='ocrx_word' id='word_1_218' title='bbox 418 1903 506 1952; x_wconf 89' lang='lat' dir='ltr'>quid</span> <span class='ocrx_word' id='word_1_219' title='bbox 526 1903 678 1945; x_wconf 85' lang='lat' dir='ltr'>familia,</span> <span class='ocrx_word' id='word_1_220' title='bbox 694 1911 731 1939; x_wconf 90' lang='lat' dir='ltr'>et</span> <span class='ocrx_word' id='word_1_221' title='bbox 753 1915 821 1952; x_wconf 79' lang='lat' dir='ltr'>qua</span> <span class='ocrx_word' id='word_1_222' title='bbox 846 1904 881 1939; x_wconf 91' lang='lat' dir='ltr'>in</span> <span class='ocrx_word' id='word_1_223' title='bbox 911 1915 952 1939; x_wconf 85' lang='lat' dir='ltr'>re</span> <span class='ocrx_word' id='word_1_224' title='bbox 971 1902 1161 1947; x_wconf 81' lang='lat' dir='ltr'>differant,</span> <span class='ocrx_word' id='word_1_225' title='bbox 1182 1904 1304 1940; x_wconf 86' lang='lat' dir='ltr'>brevi-</span> 
     </span>
     <span class='ocr_line' id='line_1_29' title="bbox 112 1967 1305 2014; baseline 0.002 -14"><span class='ocrx_word' id='word_1_226' title='bbox 112 1971 171 2000; x_wconf 90' lang='lat' dir='ltr'>ter</span> <span class='ocrx_word' id='word_1_227' title='bbox 198 1976 442 2014; x_wconf 87' lang='lat' dir='ltr'>exponemus.</span> <span class='ocrx_word' id='word_1_228' title='bbox 499 1967 665 2003; x_wconf 88' lang='lat' dir='ltr'>Gentem</span> <span class='ocrx_word' id='word_1_229' title='bbox 691 1967 866 2010; x_wconf 84' lang='lat' dir='ltr'>Romani,</span> <span class='ocrx_word' id='word_1_230' title='bbox 887 1967 1182 2003; x_wconf 86' lang='lat' dir='ltr'>commutatione</span> <span class='ocrx_word' id='word_1_231' title='bbox 1201 1967 1305 2003; x_wconf 75' lang='lat' dir='ltr'>verbi</span> 
     </span>
     <span class='ocr_line' id='line_1_30' title="bbox 111 2028 1304 2078; baseline 0.001 -14"><span class='ocrx_word' id='word_1_232' title='bbox 111 2028 230 2076; x_wconf 80' lang='lat' dir='ltr'>magis</span> <span class='ocrx_word' id='word_1_233' title='bbox 244 2040 358 2076; x_wconf 89' lang='lat' dir='ltr'>quam</span> <span class='ocrx_word' id='word_1_234' title='bbox 373 2041 457 2065; x_wconf 82' lang='lat' dir='ltr'>vera</span> <span class='ocrx_word' id='word_1_235' title='bbox 478 2029 758 2078; x_wconf 79' lang='lat' dir='ltr'>significatione,</span> <span class='ocrx_word' id='word_1_236' title='bbox 772 2029 1015 2067; x_wconf 79' lang='lat' dir='ltr'>similitudinis</span> <span class='ocrx_word' id='word_1_237' title='bbox 1036 2029 1143 2065; x_wconf 83' lang='lat' dir='ltr'>causa</span> <span class='ocrx_word' id='word_1_238' title='bbox 1166 2032 1304 2077; x_wconf 90' lang='lat' dir='ltr'>(quum</span> 
     </span>
     <span class='ocr_line' id='line_1_31' title="bbox 114 2092 1307 2143; baseline 0.002 -16"><span class='ocrx_word' id='word_1_239' title='bbox 114 2098 244 2128; x_wconf 81' lang='lat' dir='ltr'>natura</span> <span class='ocrx_word' id='word_1_240' title='bbox 271 2098 309 2128; x_wconf 87' lang='lat' dir='ltr'>et</span> <span class='ocrx_word' id='word_1_241' title='bbox 336 2094 428 2129; x_wconf 90' lang='lat' dir='ltr'>ratio</span> <span class='ocrx_word' id='word_1_242' title='bbox 447 2094 618 2130; x_wconf 86' lang='lat' dir='ltr'>vocabuli</span> <span class='ocrx_word' id='word_1_243' title='bbox 645 2094 785 2131; x_wconf 66' lang='lat' dir='ltr'>diversa</span> <span class='ocrx_word' id='word_1_244' title='bbox 806 2094 864 2138; x_wconf 90' lang='lat' dir='ltr'>fit)</span> <span class='ocrx_word' id='word_1_245' title='bbox 886 2106 954 2143; x_wconf 88' lang='lat' dir='ltr'>pro</span> <span class='ocrx_word' id='word_1_246' title='bbox 973 2106 1018 2130; x_wconf 94' lang='lat' dir='ltr'>eo</span> <span class='ocrx_word' id='word_1_247' title='bbox 1039 2094 1139 2141; x_wconf 71' lang='lat' dir='ltr'>quod</span> <span class='ocrx_word' id='word_1_248' title='bbox 1166 2092 1307 2129; x_wconf 84' lang='lat' dir='ltr'>famili-</span> 
     </span>
     <span class='ocr_line' id='line_1_32' title="bbox 114 2154 1304 2206; baseline 0.002 -16"><span class='ocrx_word' id='word_1_249' title='bbox 114 2166 176 2191; x_wconf 89' lang='lat' dir='ltr'>am</span> <span class='ocrx_word' id='word_1_250' title='bbox 198 2154 388 2203; x_wconf 88' lang='lat' dir='ltr'>fignificat,</span> <span class='ocrx_word' id='word_1_251' title='bbox 408 2157 644 2206; x_wconf 88' lang='lat' dir='ltr'>usurparunt.</span> <span class='ocrx_word' id='word_1_252' title='bbox 694 2158 750 2194; x_wconf 89' lang='lat' dir='ltr'>Ut</span> <span class='ocrx_word' id='word_1_253' title='bbox 764 2159 862 2194; x_wconf 85' lang='lat' dir='ltr'>enim</span> <span class='ocrx_word' id='word_1_254' title='bbox 883 2158 1164 2194; x_wconf 76' lang='lat' dir='ltr'>multitudinem</span> <span class='ocrx_word' id='word_1_255' title='bbox 1183 2169 1304 2205; x_wconf 86' lang='lat' dir='ltr'>popu-</span> 
     </span>
     <span class='ocr_line' id='line_1_33' title="bbox 115 2219 1304 2273; baseline 0.003 -18"><span class='ocrx_word' id='word_1_256' title='bbox 115 2219 139 2255; x_wconf 94' lang='lat' dir='ltr'>li</span> <span class='ocrx_word' id='word_1_257' title='bbox 160 2226 314 2268; x_wconf 84' lang='lat' dir='ltr'>gentem</span> <span class='ocrx_word' id='word_1_258' title='bbox 342 2223 586 2270; x_wconf 80' lang='lat' dir='ltr'>appellamus,</span> <span class='ocrx_word' id='word_1_259' title='bbox 608 2223 655 2260; x_wconf 89' lang='lat' dir='ltr'>fic</span> <span class='ocrx_word' id='word_1_260' title='bbox 674 2224 830 2260; x_wconf 82' lang='lat' dir='ltr'>familias</span> <span class='ocrx_word' id='word_1_261' title='bbox 851 2225 1078 2273; x_wconf 76' lang='lat' dir='ltr'>complure8‚</span> <span class='ocrx_word' id='word_1_262' title='bbox 1100 2235 1185 2271; x_wconf 82' lang='lat' dir='ltr'>quae</span> <span class='ocrx_word' id='word_1_263' title='bbox 1205 2222 1304 2270; x_wconf 85' lang='lat' dir='ltr'>ejus-</span> 
     </span>
     <span class='ocr_line' id='line_1_34' title="bbox 115 2282 1304 2337; baseline 0.004 -19"><span class='ocrx_word' id='word_1_264' title='bbox 115 2282 205 2319; x_wconf 88' lang='lat' dir='ltr'>dem</span> <span class='ocrx_word' id='word_1_265' title='bbox 232 2285 391 2332; x_wconf 88' lang='lat' dir='ltr'>generis,</span> <span class='ocrx_word' id='word_1_266' title='bbox 413 2287 589 2330; x_wconf 86' lang='lat' dir='ltr'>nominis,</span> <span class='ocrx_word' id='word_1_267' title='bbox 611 2288 761 2337; x_wconf 80' lang='lat' dir='ltr'>originis</span> <span class='ocrx_word' id='word_1_268' title='bbox 789 2287 920 2330; x_wconf 76' lang='lat' dir='ltr'>essent,</span> <span class='ocrx_word' id='word_1_269' title='bbox 950 2297 1102 2336; x_wconf 81' lang='lat' dir='ltr'>gentem</span> <span class='ocrx_word' id='word_1_270' title='bbox 1133 2287 1304 2323; x_wconf 87' lang='lat' dir='ltr'>nomina-</span> 
     </span>
     <span class='ocr_line' id='line_1_35' title="bbox 116 2348 1274 2399; baseline 0.003 -17"><span class='ocrx_word' id='word_1_271' title='bbox 116 2352 214 2383; x_wconf 86' lang='lat' dir='ltr'>runt.</span> <span class='ocrx_word' id='word_1_272' title='bbox 263 2348 365 2385; x_wconf 87' lang='lat' dir='ltr'>Hinc</span> <span class='ocrx_word' id='word_1_273' title='bbox 393 2349 444 2385; x_wconf 83' lang='lat' dir='ltr'>est</span> <span class='ocrx_word' id='word_1_274' title='bbox 472 2351 573 2397; x_wconf 90' lang='lat' dir='ltr'>quod</span> <span class='ocrx_word' id='word_1_275' title='bbox 600 2352 648 2387; x_wconf 91' lang='lat' dir='ltr'>ait</span> <span class='ocrx_word' id='word_1_276' title='bbox 670 2351 809 2396; x_wconf 75' lang='lat' dir='ltr'>Festus,</span> <span class='ocrx_word' id='word_1_277' title='bbox 828 2351 933 2389; x_wconf 84' lang='lat' dir='ltr'>Gens</span> <span class='ocrx_word' id='word_1_278' title='bbox 954 2350 1059 2388; x_wconf 86' lang='lat' dir='ltr'>AElia</span> <span class='ocrx_word' id='word_1_279' title='bbox 1079 2350 1274 2399; x_wconf 68' lang='lat' dir='ltr'>appellaw·</span> 
     </span>
    </p>
   </div>
  </div>
 </body>
</html>
