1572 2616
436 156 807 185 HISTORIARUM
844 156 1049 187 LIBROS.
1256 156 1335 202 115

150 235 328 275 Imperium
344 234 545 272 Romanum,
567 245 596 272 1,
614 245 666 275 33.

149 279 280 318 Imperii
298 279 557 318 magnitudinem
573 279 764 318 portendens
779 280 973 319 prodigium,
994 289 1023 317 1,
1043 289 1095 320 55.

148 322 343 352 Incendium
356 323 467 360 ingens
483 322 610 358 Romae,
628 332 681 362 24,
695 330 747 361 47.
773 324 826 360 26,
844 330 896 360 27.
921 330 973 363 35,
989 332 1042 362 40.

148 365 360 395 Indernnatus
374 365 492 395 indststa
507 366 613 396 caufl'a
629 375 694 395 non
708 366 801 396 debet
818 367 850 397 in
868 366 998 397 vincula
1013 366 1102 404 duci,
1117 376 1148 405 3,
1172 375 1221 405 13.

147 408 252 444 India,
266 419 299 449 9,
318 416 367 446 17.
392 415 445 448 35,
464 418 515 447 32.
539 419 593 449 42,
612 419 664 448 52.

148 451 218 481 Indi
237 450 356 481 nullius
373 452 530 482 momenti
547 451 678 489 milites,
697 461 728 490 9,
751 461 799 493 19.

147 494 306 530 Indibilis,
329 494 501 533 Ilergetum
525 494 663 533 regulus,
683 505 734 531 22,
753 505 806 526 21.
831 503 884 535 25,
904 504 953 535 34.
979 495 1047 533 ejus
1061 495 1136 525 filiae
1153 495 1341 525 humaniter

191 543 222 566 et
246 538 425 568 verecunde
448 547 466 567 a
490 538 641 578 Scipione
664 539 798 575 habitae,
817 541 869 575 26,
885 548 941 577 49.
962 538 1070 568 deficit
1094 539 1134 568 ad
1160 538 1340 574 Romanos,

191 589 245 617 27,
268 587 316 617 17.
339 580 407 618 ejus
428 581 541 618 oratio,
562 581 635 612 ibid.
658 583 686 612 ei
710 581 831 619 conjux
855 589 887 611 et
910 581 1000 611 liberi
1027 582 1245 617 restituuntur,
1268 580 1340 610 ibid.

189 622 332 661 rebellat,
354 630 398 661 et,
415 625 584 655 concitatis
607 624 828 665 popularibus,
844 634 934 664 agros
957 625 1117 655 sociorum
1141 623 1251 664 populi
1278 624 1342 653 Ro-

189 667 279 696 mani
306 667 530 707 depopulatur,
555 669 609 703 28,
634 678 686 707 24.
709 669 818 707 copias
842 668 1014 703 contrahit,
1041 677 1093 706 31.
1118 665 1222 697 vietus
1245 667 1341 706 fugit,

190 719 242 748 33.
267 710 486 741 Mandonium
502 711 629 741 fratrem
654 711 693 740 ad
717 712 904 750 Scipionem
927 711 1058 750 supplex
1084 711 1196 748 mittit,
1215 719 1265 748 34.
1288 719 1344 740 ve-

189 753 279 782 niam
304 754 465 792 impetrat,
483 753 554 784 ibid.
578 755 647 792 post
668 754 836 785 discessum
859 754 1017 793 Scipionis
1041 754 1184 783 concitat
1206 752 1342 792 popula-

188 805 236 825 res
258 802 290 825 et
309 796 487 827 Ausetanos
511 797 550 827 ad
574 796 712 835 bellum,
733 807 786 836 29,
808 807 835 827 1.
859 796 924 837 pilo
941 804 1029 827 terrae
1053 797 1193 836 affigitur
1211 797 1244 826 in
1261 806 1342 836 pug-

190 847 245 875 na,
263 848 294 869 2.

146 879 248 911 Indici
268 882 440 921 praemium
462 883 600 921 pecunia
622 892 662 912 ex
686 884 809 920 aerario,
835 882 962 913 libertas
977 888 1009 913 et
1025 883 1137 915 civitas
1153 882 1239 919 data,
1258 892 1290 920 2,
1308 889 1342 922 5.

189 924 272 954 dena
288 923 390 954 millia
404 925 507 963 gravis
523 926 593 955 aeris
609 935 647 955 ex
664 927 774 957 aerario
790 933 971 963 numerata,
988 936 1021 967 4,
1037 932 1091 966 45.

145 966 249 997 Indici
264 967 392 998 libertas
407 968 493 1005 data,
510 974 541 998 et
556 969 626 998 aeris
639 970 742 1008 gravis
758 970 870 1009 viginti
887 969 1004 1008 millia,
1021 979 1075 1008 22,
1094 978 1146 1009 33.
1160 968 1228 1001 vid.
1243 974 1272 999 et
1284 974 1341 1006 27,

188 1019 220 1048 3·
247 1019 296 1049 39,
317 1019 367 1048 Ι9·

146 1052 326 1091 Indigetem
339 1053 455 1083 Jovem
471 1053 635 1093 appellant
650 1054 792 1085 AEneam
809 1055 925 1093 Latini,
946 1065 976 1093 1,
995 1065 1026 1086 2.

146 1095 304 1134 Indigetes
320 1096 388 1132 Dii,
406 1097 438 1132 8,
455 1107 486 1135 9.

146 1138 289 1168 Induciae
302 1139 385 1168 datae
403 1138 589 1169 Veientibus
605 1139 637 1169 in
651 1146 786 1170 centum
800 1149 916 1177 annos,
936 1150 966 1177 1,
987 1147 1038 1180 15.

144 1197 189 1204 —-
204 1181 314 1210 iisdem
331 1181 413 1210 datae
430 1182 462 1210 in
479 1182 689 1221 quadraginta
701 1192 816 1220 annos,
837 1194 867 1219 2,
886 1192 938 1223 54.

144 1240 188 1247 —
202 1223 451 1254 Volsiniensibus
465 1225 549 1254 datae
564 1224 597 1254 in
614 1225 727 1264 viginti
744 1235 859 1261 annos,
878 1234 909 1265 5,
928 1235 980 1264 32.

144 1282 189 1290 —
203 1274 281 1297 cum
297 1267 456 1297 Ceritibus
473 1267 506 1297 in
522 1274 657 1299 centum
672 1277 775 1299 annos
790 1268 894 1307 faE'tae,
912 1276 944 1306 7,
963 1278 1016 1300 20.

144 1309 258 1346 Indus,
273 1310 374 1340 Cariae
388 1309 519 1347 fluvius,
539 1311 592 1348 38,
612 1320 662 1350 14.

146 1352 256 1382 Infans
269 1353 302 1381 in
320 1359 409 1382 utero
427 1353 550 1388 matris,
568 1353 603 1382 Io
619 1353 797 1392 triumphe,
816 1353 980 1384 clamavit.
995 1352 1062 1384 vid.
1076 1352 1273 1391 Prodigium.

144 1395 269 1431 Infans,
287 1395 447 1425 incertum
470 1395 630 1425 masculus
645 1405 686 1425 an
702 1396 825 1427 femina
840 1396 927 1433 esset,
944 1403 1052 1435 natus,
1069 1402 1101 1426 et
1120 1395 1288 1436 extemplo
1304 1394 1339 1426 in

188 1446 278 1467 mare
293 1437 490 1476 deportatus,
510 1446 564 1475 31,
584 1447 632 1468 12.
648 1438 714 1468 vid.
730 1439 927 1478 Prodigium.

143 1479 288 1509 Infantes
303 1481 402 1510 etiam
418 1479 488 1509 caesi
506 1481 539 1509 in
556 1479 676 1511 hostilis
691 1481 779 1512 urbis
794 1481 1044 1521 expugnatione,
1063 1482 1116 1518 28,
1134 1490 1187 1512 2ο.

146 1522 289 1552 Inferum
308 1531 407 1559 mare,
423 1522 490 1553 vid.
508 1522 609 1553 Mare.

144 1565 276 1602 Infulae,
295 1565 428 1605 insignia
444 1564 640 1604 supplicum,
660 1572 713 1605 25,
728 1572 780 1605 25.

144 1608 296 1648 Ingauni,
313 1618 390 1648 gens
414 1609 567 1648 Ligurum
592 1608 717 1639 bellurn
741 1615 857 1648 gerunt
872 1617 950 1638 curn
967 1608 1146 1647 Epanteriis
1162 1606 1341 1644 montanis,

190 1652 243 1688 28,
259 1652 314 1690 46.
329 1651 394 1680 vid.
413 1657 441 1680 et
458 1660 512 1689 30,
534 1661 581 1691 19.
606 1660 685 1682 cum
710 1652 746 1682 iis
766 1652 870 1682 foedus
886 1652 941 1682 icit
957 1651 990 1681 P.
1005 1650 1123 1688 AElius,
1141 1649 1266 1686 consul,
1285 1659 1341 1687 31,

190 1704 219 1724 2.
244 1695 418 1724 vincuntur
431 1694 471 1724 ab
487 1696 549 1734 Ap.
567 1694 716 1731 Claudio,
731 1695 873 1732 consule,
891 1703 944 1733 39,
965 1704 1016 1733 32.
1040 1699 1230 1733 oppugnant
1244 1693 1344 1723 castra

188 1737 225 1767 L.
242 1736 367 1767 AEmilii
389 1736 504 1774 Paulli,
521 1747 577 1776 40,
596 1745 646 1776 25.
670 1738 861 1773 funduntur,
878 1745 909 1767 et
927 1738 958 1766 in
975 1737 1173 1767 deditionem
1194 1737 1344 1772 veniunt,

191 1789 242 1815 27.
259 1786 291 1809 et
307 1780 358 1810 28.
382 1780 420 1809 de
445 1779 481 1809 iis
505 1780 683 1820 triumphat
698 1781 733 1811 L.
751 1780 905 1811 AEmilius
928 1779 1070 1817 Paullus,
1087 1778 1270 1819 proconsul,
1290 1787 1343 1817 34.

189 1828 281 1852 orant
301 1831 429 1861 pacem,
447 1821 520 1851 ibid.

146 1865 283 1904 Ingenui
311 1864 436 1901 decem,
460 1865 573 1894 decem
599 1865 749 1905 virgines,
774 1865 902 1905 patrimi
925 1873 1040 1895 omnes
1066 1864 1286 1903 matrimique‚
1303 1861 1344 1894 ad

190 1907 383 1937 sacrificium
398 1907 548 1944 adhibiti,
568 1915 620 1945 37,
639 1918 670 1946 3.

146 1950 243 1981 Initia
258 1950 390 1984 Cereris,
408 1960 461 1989 31,
483 1959 532 1988 ¹4·
551 1956 582 1980 et
597 1958 650 1990 47.

147 1993 253 2024 Insani
270 1999 409 2029 montes,
427 2003 480 2032 30,
495 2003 548 2033 39.

147 2036 305 2073 Insubres,
321 2045 421 2075 pagus
437 2036 635 2073 AEduorum,
653 2044 684 2075 5,
703 2045 754 2075 34.

149 2079 292 2109 Insubres
309 2078 393 2109 Galli
412 2078 636 2109 Mediolanum
660 2079 816 2112 condunt,
835 2086 866 2118 5,
886 2087 936 2117 34.
962 2077 1084 2108 rursum
1101 2076 1270 2113 deficiunt,
1287 2086 1341 2114 21,

192 2131 243 2161 25.
267 2121 333 2151 vid.
361 2129 389 2151 er
415 2131 468 2160 30,
494 2124 545 2152 18.
570 2122 716 2152 Insubres
741 2121 911 2158 invadunt,
936 2121 1018 2151 duce
1042 2119 1204 2150 Amilcare
1226 2119 1339 2156 Poeno,

190 2164 403 2201 Placentiam,
429 2174 480 2203 31,
503 2174 551 2196 io.
575 2164 835 2195 circumveniunt
855 2163 919 2194 Cn.
938 2164 1098 2198 Baebium,
1122 2168 1152 2192 et
1177 2162 1268 2201 supra
1289 2161 1342 2192 sex

191 2206 294 2236 millia
308 2213 340 2237 et
354 2207 519 2238 sexcentos
539 2208 657 2239 milites
679 2208 821 2243 caedunt,
839 2217 891 2245 32,
910 2215 938 2243 7.
964 2216 982 2237 a
997 2206 1033 2236 C.
1049 2204 1198 2235 Cornelio
1212 2204 1344 2236 consule

191 2249 378 2288 vincuntur,
395 2259 447 2289 30.
470 2251 639 2282 caeduntur
650 2251 690 2281 ab
707 2250 741 2281 L.
758 2249 882 2281 Valerio
897 2249 1027 2287 Flacco,
1045 2258 1097 2289 34,
1113 2249 1167 2288 46.

149 2292 256 2323 Insula
270 2292 434 2330 Tiberina,
453 2304 485 2329 2,
504 2301 534 2333 5.

151 2334 255 2365 Insula
271 2344 353 2365 nova
369 2345 386 2365 e
401 2337 478 2366 mari
495 2337 591 2372 edita,
611 2346 663 2377 39,
679 2338 727 2377 56.

151 2377 310 2408 Intemelii
329 2378 467 2418 Ligures,
486 2388 540 2419 40,
558 2388 611 2420 41.
