1572 2616
413 182 796 214 HISTORIARUM
818 180 1020 212 manos.
1234 175 1328 226 171'2

121 265 233 296 Oratio
256 264 289 294 P.
306 264 486 304 Sempronii
510 260 680 301 Tuditani,
705 263 825 293 tribuni
850 262 1009 300 militum,
1035 263 1076 293 ad
1102 261 1234 300 milites,
1261 272 1314 302 22,

188 318 219 338 0.

125 316 234 380 —5'l'i.
251 349 431 389 Sempronii
448 349 601 385 Gracchi,
618 348 771 385 consulis,
786 348 826 378 ad
841 348 958 386 Patres,
977 358 1030 388 23,
1048 357 1099 388 35.

122 409 167 416 —
179 393 232 423 Ti.
247 393 430 432 Sempronii
446 392 598 428 Gracchi,
614 391 733 422 tribuni
752 391 865 432 plebis,
883 401 939 431 pro
953 392 1119 429 Africano,
1138 391 1189 430 38,
1207 398 1258 432 53.
1275 390 1315 422 ad

166 435 324 474 collegam
340 435 379 464 de
392 435 557 474 triumpho
569 434 617 464 M.
632 434 749 472 Fulvii,
763 444 817 474 39,
831 443 862 475 5.

122 494 167 502 -
179 479 216 509 C.
229 478 350 508 Servilii
365 477 492 513 Ahaiae,
511 484 542 517 5,
557 488 589 517 9.

122 537 166 544 —
183 521 231 559 Μ.
248 520 384 557 Servilii,
400 530 456 559 pro
471 520 636 559 triumpho
650 519 778 550 AEmil‘ii
801 519 915 557 Paulli,
931 530 987 561 45,
1004 528 1056 560 37.

122 579 167 588 ——
182 563 366 594 Siculorum
383 564 416 593 in
431 562 639 599 Marcellum,
658 565 711 599 26,
732 573 782 602 30.

51 636 57 640 ,
121 623 167 630 -
182 606 388 646 Sophonisbae
407 606 447 636 ad
463 605 671 643 Masinissam,
689 616 742 645 30,
761 616 809 638 12.

122 666 167 672 —
182 650 305 689 Sopatri
322 648 525 690 Syracusani,
545 658 599 688 24,
617 657 670 690 25.

122 706 168 716 -
183 692 317 732 Sulpicii
340 692 466 728 Galbae,
483 692 634 729 consulis,
653 701 706 731 31,
725 699 754 729 7.
777 691 931 730 ejusdem,
956 691 1174 732 respondentis
1195 690 1335 723 Minio·'

170 736 216 772 ni,
236 742 289 775 35,
305 735 355 766 16.

121 794 167 801 —
181 778 338 818 Syphacis
353 777 392 808 ad
409 776 609 817 Scipionem,
623 786 677 816 30,
699 787 749 817 ¹3-

123 837 168 844 —
184 821 455 861 Syracusanorum
472 820 650 860 legatorum
666 821 705 851 ad
722 820 916 852 Marcellum
929 819 1109 858 consulem,
1129 829 1182 861 25,
1201 830 1252 862 29.

125 880 170 887 -—
183 864 370 904 Tempanii,
387 864 581 900 decurionis,
598 875 631 904 4,
646 873 699 904 41.

127 923 170 930 -—
183 907 221 938 C.
237 907 379 937 Terentii
391 907 542 937 Varronis
557 908 597 937 ad
613 907 733 946 legatos
749 907 946 946 Campanos,
964 917 1017 946 23,
1035 914 1065 948 5.

125 966 170 973 —
184 949 387 980 tribunorum
404 949 517 989 plebis,
538 958 568 989 5,
588 961 617 980 2.
635 957 665 980 et
682 960 729 980 11.
754 951 787 987 6,
807 952 858 990 36.
873 960 924 989 37.
942 958 973 982 et
991 960 1038 992 39.

126 1009 171 1015 —
184 992 303 1023 Tulliae
318 992 357 1022 ad
373 993 407 1022 L.
423 992 653 1032 Tarquinium,
672 1003 702 1031 1,
717 1001 773 1032 47·

127 1051 169 1058 —-·
184 1037 253 1066 Att.
268 1035 369 1071 Tulli,
387 1045 418 1071 2,
436 1036 487 1073 38.

127 1094 172 1101 —-
187 1079 262 1109 Sex.
274 1078 374 1108 Tullii
390 1078 430 1107 ad
445 1077 646 1116 difflatorem,
667 1086 696 1115 7,
719 1087 766 1118 ¹3·

126 1137 169 1144 --
186 1121 220 1151 L.
245 1121 373 1154 Valerii,
398 1121 551 1159 consulis,
577 1121 617 1151 ad
644 1122 775 1159 milites,
803 1130 833 1160 3,
862 1123 913 1152 61.
943 1121 1085 1161 ejusdem
1113 1123 1153 1154 ad
1185 1125 1319 1164 equites,
1345 1126 1347 1129 '

171 1164 242 1194 ibid.

127 1222 171 1230 -—
187 1208 220 1238 L.
238 1206 368 1243 Valerii,
383 1206 503 1236 tribuni
521 1206 634 1246 plebis,
651 1208 683 1237 in
707 1207 813 1247 legem
828 1207 983 1247 Oppiam,
1003 1218 1054 1248 34,
1075 1217 1104 1249 5.

128 1266 171 1273 —
187 1250 235 1280 M.
250 1249 379 1286 Valerii,
391 1249 564 1287 dictatoris,
582 1261 613 1286 2,
633 1260 684 1289 3¹·

127 1308 171 1315 —
189 1293 236 1323 M.
252 1293 366 1323 Valerii
383 1292 477 1322 Corvi
493 1293 533 1322 ad
550 1293 682 1330 milites,
699 1302 729 1330 7,
748 1303 799 1331 32.
823 1293 863 1323 ad
879 1294 1077 1331 conjuratos,
1095 1304 1146 1332 40.

129 1351 173 1358 -
188 1336 235 1366 M.
252 1335 369 1366 Valerii
384 1335 504 1365 Laevini
520 1336 560 1365 ad
575 1335 716 1373 AEtolos,
731 1337 785 1373 26,
801 1346 851 1376 24.
876 1337 910 1367 in
923 1337 1047 1376 senatu,
1066 1339 1117 1376 36.

129 1394 172 1401 ——
193 1378 224 1408 Ρ.
243 1378 357 1408 Valerii
373 1378 412 1407 ad
429 1378 600 1418 populum,
619 1389 650 1415 2,
669 1385 698 1415 7.

129 1436 173 1444 ——
189 1421 223 1451 P.
239 1421 370 1458 Valerii,
388 1421 539 1457 consulis,
556 1422 595 1451 ad
611 1420 782 1461 populum,
802 1431 833 1460 3,
856 1429 903 1457 17.

130 1480 173 1487 -
187 1463 287 1494 vestii
305 1463 422 1500 Meffii,
440 1473 473 1502 4,
492 1465 545 1495 28.

131 1523 173 1529 —
186 1506 326 1537 Veturiae
342 1507 381 1536 ad
399 1506 621 1543 Coriolanum,
637 1516 668 1543 2,
685 1515 739 1546 40.

131 1565 175 1572 —
187 1549 270 1579 Vibii
287 1549 394 1585 Virrii,
412 1549 549 1580 auctoris
564 1549 807 1589 Campanorum
823 1550 1019 1587 defeffionis,
1037 1552 1090 1587 26,
1112 1561 1159 1590 13·

130 1609 173 1615 —
188 1592 324 1631 Virginii
343 1592 382 1622 ad
398 1593 461 1631 Ap.
477 1591 666 1629 Claudium,
686 1602 717 1630 3,
733 1600 787 1632 47.
805 1598 836 1623 et
851 1595 905 1632 48.
929 1594 969 1624 ad
993 1596 1245 1633 commilitones,
1271 1604 1321 1636 50.

175 1635 209 1665 in
221 1636 284 1675 Ap.
300 1635 487 1673 Claudium,
505 1636 555 1675 56.
570 1642 600 1665 et
619 1642 669 1675 57.

131 1693 175 1701 —
190 1678 226 1708 L.
244 1677 409 1708 Volumnii
426 1678 466 1707 ad
480 1678 651 1717 populum,
672 1686 724 1713 10,
742 1687 793 1708 21.
809 1685 840 1708 et
854 1688 904 1709 22.

133 1737 177 1743 —
192 1720 331 1750 Zenonis
344 1721 383 1750 ad
401 1720 575 1751 Quintium
592 1728 623 1750 et
640 1721 772 1760 legatos,
791 1730 843 1762 35,
861 1731 910 1759 31.

133 1779 176 1786 —
191 1763 357 1800 Zeuxidis‚
374 1763 467 1802 legati
482 1764 650 1799 Antiochi,
667 1764 705 1794 de
722 1772 814 1803 pace,
834 1772 886 1802 37,
903 1771 956 1804 45.

132 1805 234 1835 Orbes
249 1807 330 1836 aenei
347 1806 435 1845 positi
453 1806 485 1835 in
502 1806 615 1836 sacello
627 1807 775 1836 Semonis
791 1807 899 1843 Sanci,
918 1810 950 1843 8,
970 1817 1020 1838 zo.

132 1848 354 1886 Orbitanium,
373 1849 446 1878 urbs
463 1849 495 1878 in
512 1849 659 1886 Samnio,
674 1859 727 1888 24,
747 1858 797 1879 20.

131 1891 356 1921 Orchomenos
372 1891 492 1920 reddita
506 1892 648 1928 Achaeis,
666 1901 716 1929 32,
734 1898 763 1930 5.

133 1933 294 1964 Ordinum
319 1942 356 1964 ac
381 1934 576 1973 dignitatum
598 1934 767 1964 discrimen
795 1933 978 1965 institutum
1006 1943 1026 1965 a
1053 1935 1160 1966 Servio
1185 1947 1269 1977 rege,
1297 1948 1322 1971 1.

134 1987 296 2049 Ordinum
313 2019 347 2048 in
360 2018 444 2049 ludis
459 2018 738 2049 discernendorum
753 2028 822 2048 mos
839 2019 965 2059 incipit,
983 2029 1036 2060 34,
1054 2028 1106 2061 54.

135 2062 221 2092 Ordo
238 2061 462 2101 ampffliimus,
480 2061 553 2091 ibid.

132 2104 220 2134 Ordo
243 2105 276 2134 in
299 2105 430 2141 militia,
455 2104 552 2134 altera
577 2113 647 2143 pars
672 2103 842 2143 manipuli,
860 2105 890 2139 8,
910 2105 939 2134 8.
965 2105 1124 2136 Ordinum
1148 2106 1272 2145 dufflor,
1291 2116 1321 2146 7,

177 2154 230 2185 41.
253 2147 397 2177 decimus
413 2147 500 2177 Ordo
515 2148 664 2180 hastatus,
681 2157 735 2186 42,
755 2156 806 2186 34.

134 2188 264 2225 Orestae,
279 2198 334 2228 42,
352 2191 404 2227 38.
429 2190 478 2226 iis,
493 2191 580 2229 quod
601 2190 695 2229 primi
721 2189 761 2219 ab
789 2198 859 2228 rege
883 2189 1029 2231 Philippo
1050 2190 1242 2230 defecissent,
1260 2193 1323 2225 suae

177 2230 262 2270 leges
277 2232 419 2269 redditae,
437 2242 488 2271 33,
507 2242 559 2272 34.

135 2273 264 2309 Orestis,
280 2275 378 2312 regio,
395 2283 448 2312 27,
466 2285 517 2314 33.
543 2284 592 2313 31.
608 2284 662 2313 40.

136 2317 279 2352 Oretani,
295 2316 418 2356 populi,
434 2327 487 2353 21,
509 2327 556 2348 ιι.
580 2327 634 2357 35,
655 2326 683 2353 7.

136 2359 271 2396 Oreum,
289 2359 361 2390 urbs
384 2361 417 2389 in
442 2359 575 2398 Euboea,
593 2361 646 2398 28,
663 2367 694 2399 5.
710 2366 741 2389 et
758 2361 786 2390 8.
813 2369 865 2398 31,
883 2369 935 2398 40.
959 2367 988 2390 tt
1004 2363 1056 2400 46.
1080 2371 1134 2402 44,
1157 2371 1205 2402 ¹3·
1224 2370 1254 2393 et
1272 2373 1322 2402 30,

707 2402 721 2431 l
738 2412 755 2431 2
