1572 2616
427 173 796 204 HISTORIARUM
832 174 1028 204 LIBROS.
1242 175 1322 219 239

129 253 327 294 Strategema
342 253 558 294 Polyxenidae,
577 260 630 291 37,
649 254 700 284 28.

126 312 171 320 —
187 297 237 326 M.
254 298 351 328 Porcii
369 297 513 333 Catonis,
530 296 680 332 consulis,
699 305 753 336 34,
774 305 821 328 xz.
842 300 874 326 et
894 305 944 335 13·

128 355 172 362 -—
185 339 225 369 Τ.
244 341 381 376 amutii,
397 340 548 375 consulis,
567 349 598 375 2,
616 341 668 379 64.

128 397 173 404 —
188 382 226 412 C.
243 382 390 422 Sulpicii,
407 383 589 419 metatoris,
606 391 636 420 7,
658 391 707 421 14.

127 440 172 446 —
185 425 303 462 Stratii,
319 434 375 462 43,
394 435 445 464 24.

128 467 275 504 Stratius,
289 468 448 503 medicus,
466 465 695 506 speculaturus,
711 475 784 505 quae
807 465 847 496 ab
869 465 979 497 Attalo
1001 472 1180 505 agerentur,
1196 466 1236 497 ab
1261 467 1327 498 Eu-

172 519 268 540 mene
291 511 429 540 mittitur
452 510 604 546 Romam,
622 516 676 550 45,
698 519 747 550 19.
772 510 965 549 sapientibus
988 510 1120 540 monitis
1141 519 1254 550 pravas
1267 511 1327 542 At-

172 552 226 582 tali
244 553 312 591 spes
328 554 470 592 castigat,
487 552 559 582 ibid.

132 594 248 631 Strato,
266 596 314 625 M.
332 597 465 626 Brutum
483 602 609 634 rogatus
625 595 756 631 occidit,
774 595 857 634 Epit.
877 603 950 634 124.

134 638 344 674 Stratonicea,
362 639 436 669 urbs
449 639 564 675 cariae,
580 647 633 676 33,
653 639 702 668 18.
725 639 818 668 datur
830 638 975 675 Rhodiis,
992 646 1045 677 30.

132 680 376 711 Stratonicensis
393 690 475 720 ager,
493 690 546 720 33,
567 682 616 711 18.

131 722 328 753 Stratonidas
343 724 464 754 Thebis
481 724 616 763 perfugit
630 724 827 762 Tanagram,
847 732 899 762 33,
919 724 971 755 28.

130 765 268 803 Stratus,
284 766 356 796 urbs
369 767 513 802 AEtoliae,
531 767 583 804 36,
604 776 653 796 11.
678 767 731 805 38,
750 776 782 806 4.
805 775 862 805 43,
878 776 930 805 23.

133 809 273 848 Strymo,
290 809 420 845 fluvius,
438 820 492 849 44,
508 819 562 848 44.
578 815 608 839 et
624 819 677 849 45.
693 817 749 848 45,
776 818 827 847 29.
1027 826 1030 829 Δ

133 851 249 890 stupra
273 852 306 881 in
331 853 587 882 Bacchanalibus
603 862 656 891 per
672 853 739 882 vim
756 851 868 889 inlata,
884 850 1028 882 adhibito
1044 851 1272 891 cymbalorum
1298 860 1334 885 et

177 901 409 934 tympanorum
428 896 531 934 pulsu,
549 905 590 925 ne
606 905 665 925 vox
685 895 866 934 quiritantis
881 895 1027 925 exaudiri
1044 894 1148 935 poffit,
1167 905 1221 937 39,
1237 906 1288 928 10.

135 936 251 975 Stupra
267 937 405 967 virorum
424 939 506 968 inter
522 938 581 967 sese
598 938 701 977 plura,
720 947 819 976 quam
834 937 1043 975 feminarum,
1062 948 1115 978 39,
1135 947 1184 977 ¹3.

139 979 244 1018 Stupri
263 980 425 1010 damnatae
442 987 598 1010 matronae
615 981 812 1011 mulCtantur
827 980 976 1020 pecunia.
992 981 1059 1012 vid.
1075 982 1239 1013 Matrona.

136 1021 340 1061 StymphalIa
357 1030 448 1059 terra,
468 1033 522 1062 33,
543 1033 591 1062 14.

135 1064 346 1103 Stymphalis,
363 1074 418 1105 45,
438 1075 489 1104 30.

136 1107 271 1143 Subota,
289 1108 402 1145 insula,
421 1108 584 1146 interjefla
599 1107 694 1138 Elaeae
711 1115 742 1138 et
759 1108 860 1146 Atho,
877 1118 932 1148 44,
951 1109 1004 1140 28.

137 1150 274 1186 Subura,
290 1152 373 1189 regio
389 1152 475 1180 urbis
493 1152 619 1188 Roma»,
640 1160 669 1189 3,
690 1160 739 1189 13.

139 1193 354 1223 Subcenturio
370 1193 536 1224 Romanus
553 1194 655 1224 vincit
671 1194 824 1225 Latinum
840 1194 1078 1231 centurionem,
1095 1195 1129 1232 8,
1146 1195 1178 1226 8.

139 1235 252 1272 Sucro,
269 1237 439 1275 oppidum,
459 1238 512 1274 28,
531 1247 583 1276 24.

138 1278 352 1308 Sudertanum
371 1281 490 1315 iorum,
509 1280 561 1317 26,
579 1289 630 1318 23.

139 1320 292 1357 Sudibus,
309 1328 339 1350 et
364 1322 458 1358 saxia,
477 1329 507 1351 et
529 1323 621 1351 omni
641 1330 755 1361 genere
778 1321 918 1352 telorum
945 1321 1191 1353 summoventur
1212 1332 1232 1354 a
1251 1323 1338 1354 vallo

184 1364 324 1393 hostium
342 1364 494 1400 Romani,
515 1374 566 1403 34,
589 1372 637 1404 15.

144 1406 251 1435 Suessa
268 1407 424 1442 Pometia,
441 1407 514 1436 urbs
530 1407 733 1444 Volscorum,
754 1416 784 1443 1,
800 1415 854 1447 4¹·
870 1407 900 1436 vi
914 1407 1037 1446 capitur
1053 1416 1072 1436 a
1085 1406 1262 1446 Tarquinio
1279 1409 1340 1439 Su-

188 1448 298 1487 perbo,
315 1456 365 1488 53.
383 1449 449 1479 vid.
465 1450 618 1479 Pometia.

142 1490 249 1520 Suessa
266 1494 433 1529 Aurunca,
451 1494 483 1529 8,
507 1501 555 1531 15.
580 1502 618 1521 eo
641 1491 769 1521 colonia
791 1491 938 1528 detineta,
954 1503 987 1533 9,
1006 1493 1058 1523 28.
1081 1499 1177 1531 negat
1200 1494 1340 1524 consuli-

184 1533 244 1564 bus
270 1534 389 1564 milites
413 1542 443 1564 et
469 1535 656 1574 pecuniam,
676 1543 728 1571 27,
747 1544 777 1573 9.
801 1535 840 1564 de
866 1535 928 1564 hac
956 1544 988 1565 re
1016 1536 1337 1575 senatusconsultum,

189 1585 242 1616 29,
263 1586 312 1616 ¹5·

142 1618 329 1656 Suefl'etani,
347 1619 512 1660 Hispaniae
536 1619 687 1659 populus,
712 1627 767 1659 25,
786 1629 837 1659 34.
860 1619 1016 1649 deficiunt
1032 1620 1071 1649 ad
1089 1620 1267 1659 Romanos,
1285 1631 1339 1661 34,

189 1671 241 1692 20.
267 1663 304 1692 iis
326 1672 422 1701 opem
446 1663 550 1692 serunt
577 1663 610 1692 in
634 1663 852 1702 expugnando
869 1663 1102 1693 Lacetanorum
1119 1665 1250 1703 oppido,
1267 1665 1341 1695 ibid.

188 1705 220 1734 in
244 1705 435 1735 Suessetanis
457 1707 497 1735 A.
514 1705 683 1736 Terentius
705 1705 863 1745 oppidum
880 1705 1076 1735 Corbionem
1091 1714 1269 1746 expugnat,
1287 1717 1340 1746 39,

213 1756 243 1776 2.

147 1757 368 1820 Sutffetanum
384 1799 496 1829 agrum
513 1790 724 1830 depopulatur
739 1790 951 1827 Mandonius,
969 1791 1023 1828 28,
1040 1799 1091 1829 24.

147 1832 339 1869 Sueffiones,
357 1832 440 1871 Epit.
461 1841 531 1871 104.

146 1874 300 1911 Suessula,
318 1876 406 1912 urbs,
423 1883 454 1912 7,
473 1882 521 1913 37.
540 1884 592 1913 23,
613 1884 663 1914 14.
691 1882 740 1911 17.
763 1881 794 1904 et
811 1883 863 1912 32.
889 1883 942 1913 24,
959 1874 1012 1913 46.
1038 1881 1092 1915 25,
1110 1883 1138 1912 7.
1161 1881 1193 1906 et
1210 1885 1260 1907 22.
1286 1879 1340 1915 26,

190 1926 220 1955 9.
247 1919 299 1954 28,
319 1926 349 1955 9.

143 1959 341 1990 Sueffuianis
358 1960 468 1989 civitas
485 1959 548 1989 sine
566 1960 712 1998 suffragio
726 1960 813 1996 data,
828 1960 860 1996 8,
878 1969 927 1999 14.

148 2002 295 2039 Suffetes‚
312 2003 456 2033 summus
472 2003 556 2042 apud
575 2004 688 2032 Poenos
705 2003 917 2041 magistratus,
936 2003 989 2038 28,
1009 2009 1060 2041 37.
1079 2011 1131 2041 30,
1152 2009 1182 2039 7.
1200 2013 1252 2043 34,
1266 2005 1319 2035 61.

148 2045 306 2084 Suffragia
321 2046 487 2084 quomodo
505 2046 618 2075 Romae
633 2045 709 2081 lata,
728 2055 755 2081 ι,
771 2054 821 2084 43.
847 2044 914 2076 vid.
928 2052 955 2074 et
974 2054 1024 2082 10,
1045 2055 1093 2083 ¹3-
1116 2052 1145 2074 er
1161 2055 1213 2077 21.
1239 2057 1293 2086 24,
1312 2055 1341 2084 7.

192 2094 219 2116 et
236 2098 265 2125 9.
282 2097 333 2128 25,
353 2098 382 2126 3.
399 2097 452 2126 40,
471 2095 523 2127 5¹.

149 2130 295 2169 Suffragii
313 2131 465 2160 lationem
483 2131 648 2170 impertiri,
665 2130 775 2169 populi
792 2136 866 2163 erat,
885 2140 949 2160 non
967 2131 1103 2168 senatus,
1119 2133 1170 2168 38,
1186 2132 1238 2169 36.

150 2173 294 2211 Suffragii
312 2173 388 2203 latio
405 2183 458 2212 per
473 2175 616 2203 censores
632 2174 729 2203 adimi
748 2181 812 2202 non
828 2175 926 2211 potest
944 2173 1058 2210 injussu
1076 2174 1198 2212 populi,
1216 2182 1270 2213 45,
1294 2182 1342 2215 15.

151 2214 341 2253 Suggessum
359 2217 392 2245 in
415 2217 481 2245 soro
506 2216 654 2246 Romano
670 2217 862 2245 adornatum
886 2216 989 2246 rostris
1005 2216 1137 2245 navium
1156 2217 1340 2254 Antiatum,

196 2259 227 2293 8,
248 2267 294 2295 ¹4-

153 2300 403 2336 Suismontium,
421 2309 515 2329 mons
531 2301 675 2339 Liguriae,
694 2309 747 2340 39,
767 2311 795 2330 2.
819 2310 871 2339 40,
886 2310 938 2339 4¹-

153 2343 187 2372 1..
205 2342 293 2372 Sulla
310 2342 453 2372 Athenas
474 2350 650 2382 expugnat,
670 2343 751 2381 Epit.
765 2344 816 2372 81.
841 2344 889 2372 De
903 2352 940 2372 eo
956 2341 1022 2371 vid.
1044 2342 1126 2380 Epir.
1143 2345 1194 2374 82.
1213 2345 1263 2381 83.
1280 2345 1340 2376 &m

195 2383 363 2415 crudelitas
375 2384 716 2425 ejus,·88.vin-Campo
734 2385 851 2416 Martio
867 2385 1023 2424 sepelitur,
1042 2393 1094 2421 90.
