1572 2616
431 171 804 205 HrsromARuM
838 172 1043 200 manos.
1255 158 1331 210 187

144 249 273 281 Pisanus
289 260 362 290 ager
377 253 516 282 vastatur
532 251 572 281 ab
587 251 733 290 Apuanis
750 251 930 290 Liguribus,
947 259 1000 289 39,
1019 260 1048 280 2.

143 293 326 324 Pisanorum
342 302 374 324 et
387 294 581 324 Lunensium
600 295 638 324 de
654 304 728 332 agro
744 293 964 327 controversia,
980 301 1034 332 45,
1056 302 1104 331 13.

144 335 321 373 Pisaurum,
339 338 370 366 in
387 337 512 367 Gallico
528 347 602 376 agro
619 336 758 373 colonia,
778 346 828 375 39,
844 347 898 376 44-
915 346 971 376 41,
989 345 1039 374 32.

145 378 351 409 piscatorium
365 380 484 415 sorum,
504 382 556 415 26,
575 380 624 410 26.
649 390 704 418 40,
719 389 771 418 51.

142 420 243 451 Pisces
258 423 452 452 emerserunt
470 423 525 452 sub
541 422 654 462 glebis,
671 431 734 461 qua
754 422 964 452 inducebatur
978 427 1132 458 aratrum,
1148 421 1217 453 vid.
1233 422 1337 452 Prodi-

183 473 284 502 grum.

142 506 264 536 Piscina
281 507 422 546 publica,
441 517 494 546 23,
513 517 564 546 32.
588 507 628 538 ad
651 507 808 537 Piscinam
834 507 999 548 publicam
1027 507 1199 538 tribunalia
1222 508 1335 548 posita,

183 549 254 578 ibid.

140 590 261 628 Pisrdae,
278 600 331 631 35,
354 601 402 630 13-

139 633 264 671 Pifidia,
283 642 335 673 37,
351 644 401 674 54.
419 641 448 664 et
466 637 518 675 56.

139 676 347 714 Pisistratidae,
367 688 418 716 31,
437 689 490 717 44.

138 719 322 757 Pisistratus,
341 721 488 760 princeps
505 721 706 758 Boeotorum,
722 722 879 752 societatis
895 721 1054 751 Romanae
1070 720 1192 757 auc'tor,
1211 730 1264 760 33,
1282 729 1335 758 27.

180 763 439 801 interficiendum
463 771 554 794 curat
577 765 784 805 Brachyllam
806 765 1031 802 Boeotarchen,
1051 766 1101 796 28.
1126 765 1165 794 de
1183 774 1221 794 eo
1237 764 1336 795 iumi-

182 812 232 835 tur
247 806 455 845 supplicium,
470 806 542 836 ibid.

139 847 219 884 Piso,
235 849 302 878 vid.
319 849 524 888 Calpurnius.

139 890 220 928 Piso,
235 891 402 922 annalium
419 892 540 929 auftor,
561 903 590 930 1,
607 900 659 933 55.
684 903 716 930 2,
734 895 786 933 58.
818 903 850 930 9,
866 903 920 932 44.
948 901 998 929 10,
1016 903 1049 933 9.
1073 901 1127 933 25,
1147 902 1197 931 39.

140 933 272 964 Pisuetae
289 935 370 964 inter
382 935 502 965 auxilia
518 936 735 973 Rhodiorum,
754 945 807 975 33,
828 938 878 966 18.

139 975 328 1013 Pithecusae,
345 977 459 1014 insula,
477 979 508 1013 8,
526 989 577 1009 22.

138 1018 277 1059 Pityusa,
306 1020 420 1057 insula,
445 1029 580 1051 centurn
611 1020 715 1051 millia
742 1022 842 1052 ferme
870 1031 889 1051 a
915 1021 1093 1051 continenti
1117 1021 1247 1058 distans,
1279 1022 1333 1059 28,

184 1070 234 1099 27.

139 1103 302 1134 Placentia
319 1104 447 1135 colonia
463 1105 610 1141 dedueta,
629 1106 773 1136 multum
791 1105 1032 1144 indignantibus
1049 1105 1163 1143 Gallis,
1183 1116 1235 1142 21,
1254 1113 1305 1146 25,

139 1146 336 1177 Placentiam
353 1148 426 1177 vieti
451 1148 490 1178 ab
515 1149 675 1178 Annibale
698 1149 825 1188 fugiunt
848 1149 999 1183 Romani,
1017 1159 1069 1184 21,
1088 1151 1138 1187 5⁶·
1156 1149 1221 1178 vid.
1239 1156 1266 1177 et
1283 1157 1335 1188 57.

182 1197 210 1219 et
223 1199 274 1230 59.
298 1190 456 1220 obsidetur
473 1191 512 1220 ab
530 1191 717 1229 Asdrubale,
736 1200 790 1228 27,
808 1201 859 1231 39.
876 1193 931 1230 qui
949 1191 1086 1220 abicedit
1103 1191 1142 1220 ab
1159 1191 1335 1228 obsidione,

180 1243 233 1271 43.
257 1233 452 1263 Placentiam
478 1234 656 1263 incendunt
679 1234 777 1270 Galli,
795 1244 844 1272 31,
868 1243 915 1263 ιο.
939 1244 1010 1263 earn
1035 1234 1169 1263 restituit
1191 1234 1226 1264 L.
1243 1233 1338 1263 Vale-

182 1276 246 1305 rius
261 1275 407 1312 Flaccus,
421 1275 545 1313 consul,
563 1286 617 1314 34,
635 1286 686 1307 22.

136 1316 176 1346 ab
192 1317 352 1348 Placentia
369 1319 554 1348 Ariminum
570 1320 654 1348 viam
675 1319 822 1358 perduxit
838 1319 886 1349 M.
902 1318 1067 1354 AEmilius,
1081 1318 1206 1354 consul,
1223 1328 1320 1356 39,2.

139 1359 314 1390 Placentini
339 1361 459 1390 laudati
482 1370 500 1390 a
517 1361 686 1398 Romanis,
710 1370 763 1397 27,
786 1371 833 1391 10.
860 1362 1034 1392 Placentini
1059 1363 1189 1400 captivi,
1207 1362 1246 1391 ad
1269 1362 1334 1391 duo

181 1402 283 1432 millia
306 1402 477 1433 liberorum
503 1404 661 1441 capitum,
686 1404 797 1434 redditi
821 1404 954 1437 colonis,
973 1413 1026 1441 31,
1053 1413 1103 1433 21.
1127 1403 1247 1441 legatos
1270 1404 1335 1434 Ro-

180 1454 272 1475 mam
289 1446 436 1483 mittunt,
453 1452 620 1485 querentes
637 1447 782 1486 inopiam
799 1446 1005 1482 colonorum,
1025 1454 1077 1484 37,
1095 1447 1149 1485 46.
1166 1445 1232 1476 vid.
1249 1445 1338 1486 erfic-

176 1494 249 1525 pra‚
267 1488 320 1524 28,
345 1498 394 1518 11.

139 1529 325 1560 Placentina
341 1531 468 1567 cohors,
485 1541 540 1570 41,
559 1538 589 1570 5.

138 1571 326 1602 Placentina
339 1580 444 1603 turma
460 1575 622 1612 equitum,
638 1583 693 1613 44,
707 1584 760 1613 40.

139 1614 367 1646 Placentinum
380 1625 493 1654 agrurn
509 1616 668 1645 incursant
691 1624 722 1646 et
738 1617 860 1646 vastant
877 1615 975 1651 Galli,
996 1616 1048 1652 28,
1071 1625 1118 1646 11.
1135 1625 1224 1652 eum,
1237 1615 1337 1654 usque

181 1658 221 1688 ad
238 1658 302 1697 ipsa
319 1659 455 1688 coloniae
473 1659 607 1695 moenia,
621 1668 699 1689 cum
715 1659 858 1690 caedibus
873 1666 903 1689 et
920 1659 1078 1689 incendiis
1093 1658 1330 1698 depopulantur

181 1701 324 1739 Ligures,
341 1711 394 1740 34,
413 1703 464 1741 56.

138 1743 175 1773 C.
192 1743 356 1774 Plaetorius
371 1744 517 1774 triumvir
530 1744 726 1774 deducendae
742 1744 879 1774 coloniae
895 1751 1032 1779 creatur,
1050 1754 1104 1784 34,
1120 1751 1173 1784 45.

140 1786 178 1815 C.
191 1786 368 1822 Plaetorius,
386 1786 508 1825 legatus
524 1787 563 1816 ad
580 1787 750 1824 Gentium,
768 1787 953 1827 Illyriorum
971 1796 1092 1826 regem,
1110 1797 1164 1827 42,
1184 1786 1222 1816 26

139 1828 234 1867 Plaga
250 1828 406 1858 Materina
419 1831 450 1858 in
465 1829 610 1866 Umbris,
627 1840 659 1868 9,
675 1839 728 1869 4¹·

139 1870 292 1909 Plagulae,
312 1881 363 1909 39,
381 1872 411 1900 6.

140 1913 288 1950 Plancus,
299 1913 366 1942 vid.
387 1914 566 1943 Munatius.

138 1956 254 1992 Plator,
273 1956 457 1996 praepositus
472 1957 556 1986 Oreo
573 1966 591 1986 a
607 1956 769 1995 Philippo,
787 1958 839 1993 ..3,
859 1957 886 1986 6.
913 1957 1034 1987 Orcurn
1059 1957 1151 1986 tradit
1167 1956 1335 1993 Romanis,

181 1998 254 2028 ibid.

139 2041 258 2077 Plator,
273 2042 367 2071 stater
379 2041 500 2076 Gentii,
518 2040 698 2081 Illyriorum
716 2043 794 2080 regis
799 2063 806 2077 ,
821 2041 860 2070 ab
877 2051 914 2072 eo
929 2042 1100 2078 occiditur,
1115 2051 1170 2080 44,
1188 2050 1238 2078 30.

144 2083 183 2113 C.
198 2083 340 2114 Plautius
364 2083 474 2114 consul
499 2091 635 2120 creatur,
664 2094 693 2121 7,
724 2094 769 2115 12.
796 2084 942 2114 Hernicis
968 2085 1088 2114 bellum
1113 2085 1237 2119 indicit,
1261 2083 1333 2112 ibid.

181 2127 280 2156 vineit
296 2126 475 2165 subigitque
491 2126 658 2162 Hernicos,
682 2136 728 2166 15·
754 2127 900 2165 magister
916 2136 1077 2165 equiturn,
1099 2136 1109 2156 1
1122 2136 1147 2162 7.

141 2168 178 2199 C.
192 2169 345 2205 Plautius,
361 2168 485 2205 consul,
506 2178 535 2206 7,
555 2178 605 2205 27.
623 2170 751 2205 iterum,
770 2177 801 2205 υ,
823 2179 849 2200 1.
867 2178 962 2199 aranti
982 2170 1092 2208 proelio
1107 2169 1242 2198 dimicat
1258 2177 1336 2199 cum

187 2211 318 2248 Volscis,
335 2218 365 2241 et
382 2212 536 2242 caesorum
554 2221 643 2241 arma
657 2212 732 2242 Luae
751 2212 846 2242 Matri
864 2213 935 2241 dare
954 2212 982 2242 se
998 2212 1088 2247 dicit,
1105 2211 1177 2240 ibid.

142 2252 181 2284 C.
195 2252 349 2289 Plautius,
366 2253 489 2290 consul,
507 2256 539 2291 8,
555 2263 606 2285 20.
629 2255 668 2284 de
692 2254 924 2285 Privernatibus
941 2255 1132 2292 triumphat,
1157 2253 1227 2283 ibid.
1252 2252 1334 2282 favet

182 2305 295 2325 eorum
319 2296 431 2326 caussae
456 2298 487 2326 in
504 2296 625 2334 senatu,
642 2297 714 2329 ibid.
727 2305 755 2326 et
773 2307 822 2328 21.
839 2298 961 2333 censor,
981 2308 1011 2334 9,
1028 2306 1079 2336 29.
1103 2295 1131 2326 se
1148 2295 1331 2335 magistratu

183 2338 323 2375 abdicat,
342 2338 411 2368 ibid.
426 2346 453 2368 et
467 2349 482 2378 3
490 2348 519 2377 3.
