1572 2616
445 169 818 199 HlsTomAttUM
844 170 1049 199 Llssnos.
1252 158 1332 213 185

142 247 321 288 Philippus,
339 250 492 291 Amyntae
507 249 606 287 filius,
623 255 678 290 45,
696 260 725 291 9.
750 259 805 289 per
820 259 896 280 eum
913 250 1010 280 crevit
1026 259 1162 289 regnum
1179 249 1332 281 Macedo-

186 292 261 326 niae,
277 292 348 322 ibid.

143 333 321 373 Philippus,
338 334 469 374 praesidii
487 335 651 375 praefecius
665 334 876 373 Caffandreae,
892 345 948 375 44,
969 345 980 365 1
991 345 1018 366 1.
1035 341 1065 365 et
1083 345 1133 367 12.

142 376 320 416 Philippus,
335 378 535 418 Epirotarum
553 385 678 418 praetor,
696 388 748 419 29,
770 388 818 409 12.

141 418 319 459 Philippus,
338 422 483 460 magister
504 421 750 461 elephantorum
772 421 940 458 Antiochi,
965 423 1075 461 praeest
1098 421 1213 452 mediae
1240 420 1333 458 aciei,

185 471 238 500 37,
277 473 304 493 1·

139 472 318 545 Philipplus,
336 506 524 536 Romanum
540 516 736 546 cognomen,
753 506 818 536 wid.
835 506 986 536 Marcius.

139 547 369 588 Philippopolis
380 549 562 587 Thessaliae,
580 550 677 580 eadem
694 561 757 580 cum
774 549 921 590 Philippis
938 548 1103 591 Thffzliae,
1122 558 1175 588 39,
1194 557 1246 589 25.

137 589 368 631 Philippopolis
382 593 544 629 Thraciae,
559 602 611 631 39,
629 601 680 632 53.

137 632 291 671 Philistio,
309 635 473 674 praefeems
490 636 651 676 Epicydis,
669 635 858 666 interficitur
874 635 1047 676 Syracusis,
1067 644 1120 689 25,
1140 636 1191 667 28.

136 675 241 713 Philo,
257 677 323 707 vid.
342 678 507 709 Publilius.

135 718 307 750 Philonem
323 721 568 751 Chalcidensem
595 720 736 751 Romani
759 720 816 751 sibi
837 708 909 751 dedi
934 720 1106 760 postulant,
1123 728 1178 759 37,
1193 728 1248 760 45.
1278 721 1334 759 38,

134 803 305 843 Philocles,
317 806 482 846 praefetfhss
494 806 645 847 Philippi,
660 807 799 837 mittitur
812 807 851 836 ad
868 806 1069 846 populandos
1087 805 1332 836 Atheniensium

177 856 281 887 agros,
297 858 350 887 31,
373 850 420 879 16.
445 851 553 880 frustra
578 856 744 890 oppugnat
760 849 958 886 Eleusinem,
972 856 1003 879 et
1025 849 1184 885 Athenas,
1211 850 1262 879 26.
1276 848 1333 878 de-

178 891 349 930 populatur
376 892 455 922 fines
481 893 744 931 Atheniensium,
769 893 840 923 ibid.
866 892 1055 922 Chalcidem
1077 899 1178 929 tenet,
1205 901 1258 930 32,
1280 893 1331 922 16.

177 933 372 964 Corinthum
395 935 558 966 obsidione
580 936 705 973 liberat,
724 945 776 974 23.
798 937 825 966 ei
843 937 944 975 Argos
961 936 1116 975 proditur,
1135 943 1186 975 25.
1208 935 1332 973 legatus

177 985 197 1005 a
213 976 361 1016 Philippo
385 977 526 1007 Romam
550 979 688 1008 mittitur
711 979 908 1018 speculatum
925 979 985 1008 de
980 979 1030 1015 iis,
1047 987 1187 1018 quorum
1203 978 1330 1008 Perseus

175 1018 382 1050 Demetrium
405 1020 612 1051 insimulabat
633 1021 832 1059 sermonum,
848 1030 926 1052 cum
949 1021 1105 1052 Romanis
1127 1021 1329 1058 habitorum,

176 1071 232 1100 40,
251 1072 300 1093 20
326 1063 527 1101 interficitur,
545 1072 597 1103 55.

134 1103 341 1141 Philocrates,
357 1115 505 1145 princeps
519 1106 686 1145 legationis
702 1106 852 1143 Rhodiae,
868 1115 924 1146 45,
943 1115 995 1146 25.

131 1146 340 1178 Philodemus
357 1150 491 1188 Argivus
508 1150 601 1179 tradit
618 1149 785 1179 tumulum
803 1150 978 1189 Euryalum
996 1149 1164 1184 Romanis,
1182 1156 1235 1189 25,
1254 1155 1306 1188 25.

131 1189 369 1230 Philopoemen,
387 1198 502 1230 praetor
524 1193 735 1228 Achaeorum,
751 1201 803 1231 35,
830 1201 880 1232 25.
909 1193 1054 1222 adversus
1069 1191 1179 1221 Nabin
1195 1191 1327 1221 classem

173 1233 294 1269 educit,
314 1235 364 1263 26.
388 1235 540 1271 vincitur,
559 1235 630 1265 ibid.
648 1236 791 1265 incendit
807 1237 904 1265 castra
916 1235 1062 1270 Nabidis,
1081 1242 1132 1270 27.
1156 1234 1329 1273 populatur

173 1284 266 1315 agros
286 1277 473 1314 Laconicos‚
491 1277 562 1308 ibid.
579 1278 647 1316 ejus
664 1279 696 1307 in
717 1279 868 1308 ducendo
890 1279 1020 1317 agmine
1044 1277 1184 1315 locisque
1199 1278 1330 1316 capien-

173 1318 221 1348 dis
238 1319 359 1349 solertia
381 1326 412 1349 et
434 1321 520 1356 usus,
537 1321 590 1350 28.
605 1321 705 1350 vincit
721 1327 753 1350 et
774 1321 862 1359 fugat
879 1321 1140 1355 Lacedaemones,
1157 1329 1207 1357 29.
1232 1320 1330 1349 socie-

173 1361 231 1391 tati
246 1362 441 1391 Achaeorum
466 1363 727 1392 Lacedaemonios
743 1363 901 1401 adjungit,
921 1365 971 1401 36.
994 1372 1032 1392 eo
1056 1363 1222 1398 reserentey
1235 1362 1270 1392 fit
1286 1361 1328 1392 ab

171 1404 303 1433 Achaeis
317 1405 482 1434 decretum
507 1406 539 1434 in
556 1405 829 1443 Lacedaemonios,
849 1406 902 1443 38,
920 1415 970 1443 3¹·
995 1406 1265 1435 Lacedaemonem
1281 1404 1327 1434 af-

171 1446 253 1485 fligit
267 1453 298 1476 et
313 1454 454 1482 enervat,
471 1447 637 1486 disciplina
655 1448 787 1487 Lycurgi
804 1449 938 1484 sublata,
955 1457 1006 1486 33.
1023 1454 1049 1477 et
1066 1457 1116 1485 34.
1134 1447 1201 1476 vid.
1219 1452 1247 1476 et
1269 1456 1324 1487 39,

173 1491 226 1528 36.
249 1490 373 1529 capitur
397 1499 415 1519 a
432 1489 604 1527 Messeniis,
623 1500 675 1530 39,
693 1500 745 1530 49.
762 1493 793 1519 in
810 1490 927 1520 cellam
952 1491 1008 1520 sub
1032 1497 1110 1520 terra
1127 1489 1324 1526 demittitur,

171 1539 225 1571 50.
250 1541 374 1562 veneno
390 1532 522 1569 tollitur,
538 1532 609 1563 ibid.
627 1534 666 1562 ab
683 1533 830 1563 universo
846 1534 993 1563 Achaico
1010 1532 1149 1562 concilio
1165 1532 1324 1572 sepelitur,

171 1574 244 1604 ibid.
266 1575 366 1604 divini
382 1576 518 1605 honores
533 1576 562 1605 ei
577 1576 708 1613 decreti,
725 1575 796 1606 ibid.
813 1582 1018 1616 comparatur
1033 1575 1186 1605 Annibali
1210 1581 1241 1605 et
1256 1575 1326 1606 Sci—

171 1617 271 1656 pioni,
286 1617 357 1648 ibid.

126 1659 344 1697 Philostratus,
361 1661 427 1691 dux
442 1661 595 1697 cohortis,
611 1670 666 1699 43,
684 1668 735 1700 25.

127 1702 279 1737 Philotas,
293 1704 458 1742 praesefi'tus
470 1704 604 1744 praesidii
621 1705 741 1744 Abydi,
761 1713 814 1743 37,
837 1714 887 1736 12-

126 1745 406 1785 Phliasii,33,14.

124 1788 278 1819 Phliasius
294 1799 378 1828 ager,
398 1799 450 1828 33,
473 1799 520 1829 14.
544 1795 576 1819 et
604 1798 652 1861 ι5.
676 1799 753 1820 eum
780 1789 817 1820 d
810 1789 1016 1829 populantur
1041 1788 1142 1828 copiae
1166 1787 1320 1828 Philippi,

167 1830 238 1861 ibid.

126 1873 248 1909 Phlius,
266 1875 320 1909 28,
341 1881 369 1910 7.

124 1915 252 1951 Phocis,
268 1917 361 1955 regio,
381 1918 433 1953 28,
449 1927 476 1956 5.
503 1919 556 1955 36,
574 1927 625 1947 20.

124 1959 272 1989 Phocidis
289 1960 380 1989 urbes
396 1967 498 1999 captae
515 1970 532 1989 a
547 1960 714 1996 Romanis,
734 1969 786 1998 32,
807 1962 856 1990 18.

125 2002 301 2032 Phocenses
317 2003 490 2032 contributi
510 2002 639 2039 AEtolis‚
659 2012 711 2041 33,
727 2013 778 2041 34.

125 2045 274 2080 Phocaea,
291 2046 378 2080 urbs,
395 2046 483 2084 origo
506 2045 761 2082 Massiliensium,
779 2052 810 2084 5,
828 2054 878 2084 34.
903 2052 934 2074 et
950 2044 1247 2083 Emporitanorum,
1265 2044 1319 2080 26,

171 2097 220 2127 ¹9·
251 2088 422 2118 Phocaeam
448 2088 631 2118 transmittit
658 2088 805 2118 Romana
827 2087 940 2125 classis,
968 2088 1017 2125 36,
1035 2097 1087 2126 45.
1111 2087 1219 2116 seditio
1236 2086 1318 2115 Pho-

169 2139 257 2166 caeae,
273 2140 325 2168 37,
344 2143 374 2171 9.
399 2131 542 2161 Phocaeae
560 2131 644 2164 situs,
664 2141 714 2170 3¹·
739 2138 944 2170 oppugnatur
967 2130 1007 2160 ab
1030 2129 1166 2160 AEmilio
1183 2128 1319 2167 Regillo.

171 2179 223 2210 37,
242 2182 291 2211 32.
306 2174 465 2213 diripitur,
482 2173 553 2204 ibid.

123 2215 366 2246 Phocaeensibus
382 2225 466 2255 ager,
483 2226 580 2255 quem
604 2223 678 2247 ante
693 2217 815 2246 bellurn
833 2216 1007 2251 habebant,
1023 2215 1173 2251 donatur,
1193 2214 1244 2252 38,
1263 2223 1317 2253 39.

123 2257 272 2295 Phoccae‚
289 2260 340 2294 28,
359 2267 387 2295 7.

124 2300 315 2336 Phoebeum,
332 2300 421 2331 locus
437 2301 501 2332 sine
518 2311 610 2332 muro
624 2309 761 2342 apertuS,
778 2302 816 2331 ad
830 2302 990 2341 Spartam,
1011 2310 1063 2339 34,
1080 2301 1131 2338 38.

126 2343 290 2380 Phoenice,
305 2343 387 2382 Epiri
401 2344 487 2380 urbs,
503 2355 556 2384 29,
578 2354 626 2375 12.

125 2385 311 2422 Phoenicus,
326 2393 434 2425 portus
449 2387 618 2427 Erythraeae
634 2393 734 2425 terrae,
755 2388 806 2426 36,
822 2395 875 2427 45.
