1572 2616
453 170 826 200 HISTORIARUM
864 171 1067 200 LIBROS.
1275 171 1356 214 199

163 253 318 294 Prodigia.
342 251 442 282 AEdes
456 250 595 282 Vulcani
618 251 658 281 de
680 250 764 281 coelo
787 250 882 288 taffta,
901 259 1023 290 24,10.
1047 250 1134 280 Jovis
1155 249 1286 288 Ariciae,
1305 259 1359 290 24,

203 306 256 335 44.
273 290 338 326 v'id.
355 302 384 325 et
401 303 453 332 27,
472 303 523 332 37.
549 304 601 333 32,
623 304 651 324 1.
667 301 695 323 et
712 306 742 334 9.
767 296 819 332 36,
836 303 888 333 37.
912 304 968 333 40,
986 301 1039 334 45
1059 294 1132 324 duae
1147 293 1256 323 aedes
1248 303 1282 323 m
1298 293 1362 324 Ca-

205 338 330 378 pitolio,
351 348 402 377 25,
422 347 452 377 7.
476 339 624 368 Fortunae
640 344 671 368 et
697 337 822 374 Martis,
838 346 891 374 27,
911 347 962 376 23.
985 337 1123 367 Junonis
1145 337 1290 375 Reginae,
1308 344 1361 375 37.

210 382 322 412 Matris
346 383 493 415 Matutae,
510 382 563 418 28,
584 391 631 411 11.
657 380 790 417 Cereris,
807 380 936 418 Salutis,
953 386 984 410 et
1008 380 1150 416 Quirini,
1167 379 1238 410 ibid.
1262 379 1364 419 Apol-

206 425 280 455 linis
296 431 328 454 et
354 425 464 462 Sanci,
483 434 536 462 32,
558 434 584 454 1.
609 423 749 454 Vulcani
773 423 1025 463 Summanique,
1045 432 1097 461 29.
1121 423 1201 462 Opis
1216 423 1250 452 in
1266 423 1365 462 Capi-

206 468 298 504 tolio,
319 476 370 506 39,
390 478 441 499 22.
466 467 625 506 Apollinis
642 466 775 504 Caietae,
791 476 847 506 40,
866 477 895 498 2.
921 467 1050 497 Veneris
1065 465 1131 496 fine
1146 465 1214 496 ullo
1230 466 1362 505 vestigio

206 517 361 548 cremara,
377 521 433 551 41,
449 520 478 541 2.
503 511 647 540 Deorum
665 510 833 541 Penatium
851 510 884 540 in
901 510 1004 547 Velia,
1019 517 1075 550 45,
1091 510 1140 540 16.
1157 510 1232 549 Spei
1245 509 1279 539 in
1295 509 1363 540 foro

208 554 346 591 olitorio,
366 564 417 590 21,
433 555 486 585 62.
1157 591 1159 593 Ι

163 613 206 619 -
221 598 335 636 Agnus
351 606 428 627 cum
451 598 550 627 ubere
572 595 701 626 laetenti
727 602 834 632 natus,
854 604 907 634 27,
925 606 957 636 4.
980 605 1051 626 mas
1075 595 1225 635 idemque
1240 595 1364 625 femina

205 647 312 675 natus,
332 641 455 676 28,11.
478 649 555 670 cum
581 639 675 670 suillo
698 640 814 680 eapite,
834 649 956 677 31,12.
981 639 1090 679 biceps
1114 647 1193 669 cum
1216 639 1364 678 quinque

206 683 354 722 pedibus,
375 693 427 721 32,
445 693 495 722 29.

162 742 204 748 —
221 727 345 765 Anguis
369 736 407 755 ex
425 726 580 756 columna
603 725 708 765 lignea
731 725 867 765 elapsus,
889 734 918 762 1,
935 725 986 765 56.
1007 724 1153 762 jubatus,
1171 724 1273 755 aureis
1294 733 1366 754 ma-

203 768 283 799 culis
306 768 438 808 sparsus,
462 775 604 808 apparet,
620 778 676 808 41,
694 769 746 800 26.
770 778 824 808 43,
848 775 896 808 15.
929 770 1061 807 Angues
1084 768 1160 805 duo,
1185 773 1366 808 perpetrato

208 812 374 850 sacrificio,
391 822 430 842 ex
453 811 583 842 occulto
599 812 637 841 ad
661 818 736 841 exta
759 810 906 851 allapsi,'
896 821 987 849 Jecur
1009 812 1121 848 edunt,
1139 810 1366 859 conspefflque

206 862 334 894 repente
349 865 391 885 ex
406 855 508 886 oculis
525 855 658 892 abeunt,
676 863 729 895 25,
748 855 795 885 16.
820 856 854 885 in
872 856 952 884 mari
973 854 1156 884 Tarracinae
1180 856 1270 884 mirae
1293 863 1366 885 ma-

207 899 384 937 gnitudinis
413 898 647 928 lascivientium
677 899 812 937 piscium
839 898 937 928 modo
963 898 1138 935 exsultant,
1163 904 1217 935 27,
1243 908 1274 937 4.
1299 897 1364 927 duo

208 941 340 980 prolapsi
358 942 478 971 foribus
496 943 527 971 in
545 942 648 971 aedem
659 942 761 978 Jovis,
781 942 833 978 28,
855 951 904 971 11.

163 1000 206 1006 —-
220 984 338 1023 Apollo
355 984 467 1014 Cumis
484 985 516 1013 in
533 994 604 1014 arce
622 984 766 1014 triduum
783 993 819 1014 ac
837 991 898 1014 tres
914 983 1023 1013 nobles
1036 983 1230 1020 lacrimavit,
1243 993 1298 1023 43,
1313 989 1363 1023 15.

163 1044 206 1050 —
222 1029 332 1066 Apum
346 1036 484 1057 examen
498 1027 612 1057 Rornae
630 1028 661 1056 in
675 1028 742 1057 foro
758 1027 874 1064 visum,
895 1037 948 1065 24,
971 1036 1019 1057 10.
1036 1027 1141 1057 Cafini
1156 1027 1190 1056 in
1204 1027 1272 1056 foro
1285 1036 1365 1057 con-

208 1070 297 1107 sedit,
316 1078 370 1107 27‚
391 1080 440 1108 23.
464 1077 494 1100 et
511 1071 543 1099 in
561 1071 669 1100 arbore
685 1071 878 1100 imminente
894 1070 1053 1108 praetorio,
1071 1080 1124 1106 21,
1141 1070 1196 1109 46.

163 1130 206 1136 —
221 1115 315 1152 Aqua
329 1113 457 1143 Albana
472 1113 567 1143 fluxit
584 1120 728 1150 cruenta,
748 1121 801 1149 27,
823 1122 869 1143 11.
887 1121 917 1142 et
938 1114 1041 1151 Aquae
1058 1112 1194 1142 Caeretes
1211 1112 1364 1150 sanguine

207 1157 321 1193 mistae,
334 1166 386 1192 22,
404 1167 430 1186 1.
443 1158 547 1196 Aquae
558 1156 663 1186 multo
677 1165 786 1186 cruore
796 1166 813 1185 e
824 1157 910 1186 sonte
921 1155 1033 1185 calidae
1044 1161 1231 1191 manarunt,
1245 1164 1297 1192 22,
1312 1157 1365 1194 36.

161 1216 205 1222 —
220 1201 283 1229 Ara
300 1200 331 1229 in
346 1200 441 1236 coelo,
455 1199 633 1240 speciesque
647 1200 825 1230 hominum
842 1199 927 1229 cirea
942 1208 1015 1229 earn
1033 1208 1111 1229 cum
1129 1198 1267 1229 candida
1279 1199 1364 1229 veste

207 1243 294 1278 visae,
314 1252 367 1281 24,
390 1252 437 1274 10.
1365 1250 1369 1253 ’

163 1302 204 1307 -
220 1287 284 1315 Ara
301 1285 445 1325 Neptuni
460 1286 493 1315 in
509 1286 594 1316 circo
611 1285 770 1315 Flaminio
787 1285 892 1315 multo
909 1285 1018 1315 sudore
1036 1285 1194 1322 manavit,
1215 1286 1270 1325 28,
1290 1294 1339 1315 11.

164 1343 206 1350 ——
222 1329 325 1358 Arbor
341 1329 378 1358 de
395 1329 478 1359 coelo
496 1329 590 1364 tafila,
612 1337 664 1365 27,
687 1338 735 1358 11.

163 1387 207 1393 -
222 1373 324 1400 Areus
340 1373 428 1401 tenui
445 1371 529 1401 linea
546 1372 642 1401 solem
660 1371 844 1410 amplexus,
863 1381 915 1409 30,
937 1381 964 1401 2.
980 1371 1047 1401 vid.
1064 1377 1091 1400 et
1106 1380 1161 1411 41,
1180 1372 1233 1402 26.

163 1430 208 1436 —
222 1413 337 1444 Asinus
354 1416 469 1453 triceps
486 1421 580 1444 natus
597 1414 741 1450 Calatiae,
758 1424 813 1452 42,
833 1424 884 1444 20.

163 1472 207 1479 --
222 1458 351 1487 Atrium
369 1458 561 1505 publicum'
557 1468 587 1487 in
604 1437 764 1496 Capitolio
779 1458 816 1486 de
834 1456 917 1486 coelo
934 1456 1070 1494 12811111,
1089 1466 1143 1495 24,
1164 1465 1211 1487 10.

163 1515 207 1522 —
222 1501 304 1529 Aves
321 1501 358 1529 ad
385 1501 568 1540 compitum
591 1500 803 1539 Anagninum
822 1501 854 1529 in
880 1500 954 1530 luco
971 1500 1086 1530 Dianae
1102 1500 1196 1530 nidos
1218 1500 1252 1529 in
1273 1498 1365 1530 arbo-

208 1543 294 1573 ribus
311 1543 509 1583 relinquunt,
528 1553 580 1581 27,
597 1554 628 1582 4.

162 1601 206 1608 —
223 1586 283 1616 Bos
299 1587 420 1616 femina
444 1587 564 1623 locuta,
583 1597 614 1625 3,
638 1595 687 1616 10.
710 1585 778 1616 vid.
805 1591 834 1615 et
861 1595 915 1625 24,
937 1595 983 1616 10
1009 1592 1063 1623 27,
1085 1595 1132 1616 11.
1160 1586 1212 1623 28,
1233 1594 1283 1616 11.
1309 1591 1362 1625 35,

209 1638 260 1659 21.
283 1639 340 1668 41,
360 1637 409 1666 17.
432 1637 463 1659 et
479 1629 530 1660 26.
555 1639 610 1669 43,
632 1636 682 1669 15.

162 1688 206 1694 -
222 1672 282 1702 Bos
299 1674 420 1712 peperit
434 1673 621 1711 equuleum,
640 1682 692 1710 23,
712 1681 763 1710 31.

163 1731 207 1737 -
224 1715 284 1744 Bos
302 1717 333 1744 in
351 1716 417 1745 foro
435 1716 546 1745 Boario
560 1717 593 1745 in
618 1716 744 1745 tertiam
767 1714 1045 1754 contignationem
1063 1715 1117 1745 sua
1133 1714 1244 1754 sponte
1256 1713 1365 1744 escen-

207 1757 266 1794 dit,
283 1765 379 1797 atque
396 1761 520 1788 territus
537 1759 757 1788 habitatorum
776 1757 919 1787 tumultu
937 1758 998 1788 sese
1015 1757 1144 1794 dejecit,
1163 1767 1218 1793 21,
1238 1759 1290 1789 62.

163 1817 206 1823 —
222 1800 321 1830 Boves
344 1802 456 1831 domiti
483 1802 547 1831 duo
563 1803 595 1831 in
622 1801 745 1831 Carinis
773 1810 826 1840 per
850 1800 947 1831 scalas
971 1801 1162 1841 perveniunt
1185 1800 1225 1831 ad
1243 1798 1365 1840 tegulas

209 1843 349 1879 aedificii,
369 1846 421 1882 36,
440 1852 491 1882 37.
569 1841 583 1855 ⁶

165 1902 205 1907 —-
223 1886 309 1916 Caere
328 1887 421 1916 sortes
438 1893 633 1922 extenuatae,
653 1895 708 1922 21,
727 1886 778 1916 62.

163 1944 208 1951 -
223 1929 366 1967 Capillus
383 1937 495 1959 enatus
512 1931 543 1958 in
559 1929 625 1959 aede
645 1929 802 1961 Herculis,
823 1937 875 1967 32,
894 1938 923 1959 1.

163 1988 207 1994 —
222 1972 325 2011 Capra
343 1973 394 2002 sex
411 1973 519 2002 haedos
537 1982 602 2002 uno
618 1973 696 2002 foetu
713 1972 824 2010 edidit,
843 1981 895 2012 35,
916 1981 969 2003 21.

163 2032 207 2037 -
224 2015 335 2054 Caprae
354 2016 467 2045 lanatae
484 2015 587 2051 faaae,
608 2025 663 2051 22,
685 2024 712 2044 1.

163 2075 207 2081 —
222 2058 327 2096 Caput
351 2060 537 2089 humanum
555 2060 676 2098 integra
692 2059 772 2088 facie
787 2057 1002 2097 aperientibus
1019 2057 1231 2087 fundamenta
1248 2056 1364 2097 templi

209 2101 368 2139 apparuit,
390 2111 418 2138 1,
438 2110 490 2142 55.

165 2144 325 2173 —Carne
344 2144 438 2184 pluit,
455 2154 485 2182 3,
507 2155 555 2175 10.

167 2203 207 2207 —
225 2186 332 2216 Claffis
349 2197 474 2226 magnae
492 2187 607 2226 species
619 2187 651 2216 in
669 2186 752 2216 coelo
768 2185 854 2223 visae,
869 2195 925 2225 42,
943 2195 971 2216 2.

164 2244 208 2251 —
223 2229 353 2259 Coelum
377 2231 478 2260 visum
501 2231 621 2266 ardere,
641 2239 671 2268 3,
690 2238 719 2269 5.
738 2236 766 2258 et
787 2238 835 2260 10.
854 2238 906 2267 31,
926 2238 975 2259 12.
1001 2237 1053 2266 32,
1078 2238 1108 2267 9.
1131 2236 1187 2266 43,
1207 2233 1256 2267 15.
1283 2227 1363 2257 findi

209 2271 295 2300 velut
319 2281 438 2311 magno
462 2273 551 2303 hiatu
569 2273 685 2309 visum,
700 2282 827 2311 quaque
844 2273 959 2312 patuit,
976 2272 1088 2310 ingens
1105 2270 1218 2300 lumen
1234 2270 1363 2308 effulsit,

216 2323 269 2349 22,
292 2323 316 2344 1.

165 2356 383 2387 —Columna
400 2358 526 2388 rostrata
549 2359 581 2388 in
601 2357 760 2398 Capitolio
783 2364 850 2388 tota
873 2358 912 2388 ad
930 2358 1034 2388 imum
1059 2355 1196 2387 fulmine
1219 2355 1363 2394 discuffa,

210 2408 265 2439 42,
285 2409 336 2430 20.

719 2444 747 2474 K
762 2452 783 2481 4
