1572 2616
445 147 816 177 HISTORIARUM
853 147 1055 176 LIBROS.
1262 149 1341 193 109

198 234 231 258 et
258 228 350 268 super
375 237 412 259 ea
434 238 466 259 re
491 229 649 258 orariones
671 228 874 258 tribunorum
900 228 1002 268 plebis
1027 233 1059 257 et
1073 226 1136 268 Ap.
1153 227 1292 269 Claudii,
1307 236 1341 272 5,

201 273 295 301 2—6.

157 313 374 344 Hibernacula
389 314 559 345 Poenorum
576 316 608 344 in
624 321 684 343 tres
700 321 802 353 partes
817 314 927 350 divisa,
941 315 994 349 26,
1014 323 1066 344 20.

156 357 375 388 Hibernacula
391 358 563 388 Poenorum
580 366 610 388 et
632 358 852 391 Numidarum
873 358 1110 387 comburuntur
1132 366 1151 387 a
1174 358 1338 398 Scipione,

199 409 253 438 30,
271 402 365 438 3-6·

154 442 335 482 Hiempsal,
355 444 491 484 Mifipsae
508 444 605 480 filius,
623 444 780 474 occiditur
796 453 813 472 a
825 444 996 483 Jugurxha,
1015 443 1099 482 Epir.
1115 445 1167 475 62.

154 486 270 516 Hiems
284 489 388 526 gelida
405 497 435 517 et
452 488 568 521 nivosa,
587 495 622 517 ut
639 497 698 517 viae
715 487 830 517 clausae
847 494 878 516 et
893 487 1017 517 Tiberis
1033 487 1258 526 innavigabilis
1273 488 1342 518 fue-

196 537 247 565 rit,
263 539 294 570 5,
317 540 364 568 13·

153 571 251 602 Hiera
264 582 371 610 come,
391 575 444 613 38,
466 583 513 605 12.
538 574 581 604 ibi
599 574 712 604 fanum
731 575 904 613 augustum
920 572 1093 612 Apollinis,
1110 579 1142 603 et
1157 573 1344 612 oraculum,

200 625 211 645 1
242 639 247 645 .

154 626 266 697 Ηίεῗο,
283 659 366 699 Epit.
388 662 434 690 16.
460 659 628 699 pollicetur
650 660 744 699 gratis
766 659 795 689 se
821 661 971 689 daturum
989 659 1145 689 Romanis
1160 659 1341 697 legionibus

195 702 394 732 frumentum
406 712 443 732 ac
462 704 662 739 vestimenta,
676 713 731 739 21,
745 710 796 742 50.
821 704 886 742 post
903 712 1045 741 pugnam
1061 703 1100 732 ad
1112 703 1340 734 Trasimenum

196 743 319 781 lacum,
341 746 461 785 legatos
479 746 631 781 Romam,
657 755 734 776 curn
759 746 851 775 clafle
872 755 991 784 magno
1008 753 1195 776 commeatu
1211 748 1337 783 onusta,

195 788 362 826 donisque,
379 798 409 819 et
433 789 574 825 auxiliis,
602 790 713 825 mittit,
732 799 785 824 22,
805 796 856 827 37.
881 789 1047 818 victoriam
1072 798 1202 818 auream
1230 790 1339 828 pondo

194 833 374 862 trecents1m
397 833 508 871 viginti
526 833 612 862 dono
633 833 698 868 dat,
717 832 789 862 ibid.
813 832 906 862 clafl'e
922 832 1043 862 Punica
1058 833 1194 862 vastatur
1207 833 1275 871 ejus
1291 842 1340 862 re-

194 883 310 912 gnum,
329 877 380 915 56.
407 875 555 906 Hieronis
572 885 671 911 mors,
690 886 742 915 24,
759 886 792 914 4.

153 917 318 961 Hierocles
337 919 579 958 Agrigentinus,
606 920 699 949 tradit
721 919 931 959 Zacynthum
959 917 1097 948 insulam
1123 918 1264 957 Achaeis,
1282 920 1337 958 36,

194 969 244 998 31.
260 967 288 990 et
305 970 356 1000 32.

151 1003 385 1043 Hieronymus,
414 1014 513 1044 nepos
544 1005 707 1040 Hieronis,
732 1011 763 1034 et
790 1003 956 1039 successor,
975 1014 1026 1042 24,
1044 1014 1076 1043 4.
1100 1004 1168 1042 ejus
1192 1005 1280 1042 vitia,
1305 1013 1335 1046 5.

194 1048 384 1085 conspiratio
400 1049 431 1077 in
450 1048 556 1083 illum,
574 1048 645 1077 ibid.
668 1049 706 1077 ad
728 1047 920 1077 Annibalem
940 1047 1086 1083 inclinat,
1108 1049 1137 1078 6.
1163 1048 1257 1087 legati
1274 1049 1338 1078 Ro-

193 1091 282 1119 mani
301 1090 385 1120 male
406 1091 446 1120 ab
463 1101 501 1120 eo
517 1090 745 1130 excep1i‚ihid.
769 1094 838 1128 eJ'us
862 1091 966 1120 foedus
981 1099 1057 1120 cum
1082 1091 1199 1128 Poenis,
1221 1091 1292 1122 ibid.
1319 1102 1338 1123 a

192 1133 366 1170 conjuratis
381 1134 550 1169 occiditur,
571 1141 597 1169 7.

152 1175 384 1216 Hierosolyma,
401 1178 481 1216 Epir.
503 1186 572 1206 102.

150 1217 329 1257 Hilermus,
347 1229 400 1250 rex
423 1221 639 1259 quorumdam
667 1220 831 1259 Hispaniae
857 1219 1066 1259 populorum,
1083 1219 1174 1250 vivus
1197 1221 1334 1260 capitur,

193 1270 246 1302 352
264 1271 293 1299 7-

149 1303 294 1339 Himera,
309 1306 428 1341 amnis,
447 1306 590 1335 Siciliam
607 1306 765 1342 diridens,
785 1316 836 1345 24,
854 1307 882 1336 6.
898 1304 963 1335 vid.
982 1312 1010 1335 et
1023 1313 1076 1344 25,
1093 1315 1145 1345 40.

151 1347 306 1382 Himilco,
324 1349 369 1378 vir
393 1348 538 1378 fafkionis
555 1350 709 1385 Barcinae,
730 1350 857 1379 viftoria
872 1349 1042 1379 Annibalis
1058 1349 1098 1378 ad
1115 1350 1242 1379 Cannas
1259 1349 1336 1380 Car-

191 1392 357 1430 thaginem
375 1393 539 1427 nunciata,
561 1392 757 1421 Hannonem
775 1393 930 1431 increpat,
950 1402 1002 1431 23,
1023 1402 1071 1423 12.

151 1433 295 1463 Himilco
317 1444 394 1464 curn
421 1436 561 1464 exercitu
585 1436 616 1463 in
645 1435 789 1464 Siciliam
813 1436 913 1469 venit,
934 1445 984 1473 24,
1002 1444 1055 1474 35.
1079 1434 1146 1472 ejus
1164 1444 1209 1465 res
1226 1436 1332 1474 gestae,

191 1476 262 1506 ibid.
281 1484 308 1506 et
327 1478 376 1515 36.
400 1479 611 1516 Agrigentum
628 1479 655 1506 se
673 1479 794 1517 recipit,
811 1488 863 1517 24,
881 1487 931 1517 39.
956 1478 1160 1518 Syracusanis
1176 1478 1334 1518 suppetias

191 1520 261 1557 fert,
280 1530 333 1560 25,
353 1521 403 1551 26.
429 1523 510 1559 peste
526 1521 613 1560 perit,
631 1521 703 1550 ibid.

148 1562 294 1593 Himilco
311 1564 438 1594 Punicis
454 1564 662 1593 auxiliaribus
679 1562 848 1593 Castulone
863 1564 983 1602 praeest,
1002 1564 1052 1599 28,
1070 1573 1122 1594 20.

147 1605 290 1644 Hiostus,
308 1606 392 1637 silius
411 1607 642 1646 Hampsicorae,
660 1608 812 1646 principis
829 1607 1013 1643 Sardorum,
1033 1608 1063 1636 in
1082 1607 1149 1636 acie
1164 1607 1262 1645 cadit,
1278 1617 1330 1645 22,

187 1658 240 1688 40.

147 1692 370 1733 Hippagogus,
382 1703 482 1731 genus
495 1693 596 1727 navis,
609 1702 663 1732 44,
682 1694 732 1722 28.

146 1735 293 1774 Hippius,
313 1737 407 1766 Persei
428 1738 566 1773 amicus,
583 1745 638 1775 42,
657 1745 707 1776 39.
723 1735 789 1764 vid.
807 1741 834 1765 et
849 1745 904 1775 42,
922 1742 974 1775 51.
988 1741 1016 1765 et
1031 1743 1082 1775 59.
1107 1746 1163 1776 44,
1181 1745 1211 1767 2.
1226 1746 1260 1775 4.
1279 1746 1330 1775 23.

187 1786 214 1807 er
226 1789 279 1818 45.
429 1810 432 1811 ⁷

147 1821 291 1860 Hippias,
306 1822 527 1851 Thessalorum
543 1829 669 1860 praeror,
686 1831 740 1860 42,
757 1830 809 1860 54.

148 1864 254 1903 Hippo
272 1866 387 1903 regius,
405 1876 456 1905 29,
473 1875 502 1902 3.
520 1874 550 1902 4.
568 1872 595 1894 ct
609 1875 660 1903 32.

146 1906 268 1946 Hippo,
287 1908 360 1937 urbs·
378 1908 550 1946 Ηίηιωιίτι»,
566 1918 618 1947 39,
635 1917 685 1945 3ο.

146 1949 370 1988 Hippocrates,
401 1951 466 1980 vid.
492 1951 657 1989 Epicydes
681 1950 770 1980 Dum
795 1950 889 1979 frater
919 1950 1026 1988 praeest
1054 1949 1226 1988 Syracusis,
1255 1949 1330 1989 ipse,

188 1994 294 2023 Poenis
321 1994 525 2031 conjunbius,
551 1994 673 2022 bellurn
699 1994 776 2031 gerit
798 1991 943 2022 adsersus
972 1992 1180 2029 Marcellum,
1205 2001 1257 2030 24,
1277 2001 1329 2031 35.

189 2037 340 2073 vincitur,
359 2040 410 2075 36.
437 2037 654 2074 Murgantiam
681 2039 708 2065 se
726 2036 849 2075 recipit,
873 2044 923 2075 39.
949 2035 1153 2075 Syracusanis
1173 2036 1330 2074 suppetias

187 2080 257 2116 fert,
279 2089 329 2120 25,
349 2082 398 2109 26.
425 2081 506 2118 peste
524 2088 614 2119 perit,
631 2079 703 2110 ibid.

147 2122 385 2161 Hippolochus,
404 2126 454 2160 36,
474 2135 504 2161 9.

146 2165 286 2204 Hirpini,
305 2166 427 2205 populi,
444 2176 495 2201 22,
517 2175 564 2202 ¹3·
591 2175 609 2195 a
634 2165 790 2194 Romanis
812 2164 966 2193 deficiunt
993 2163 1032 2192 ad
1058 2163 1185 2199 Poenos,
1205 2172 1257 2199 22,
1276 2164 1328 2195 61.

191 2218 242 2246 23,
265 2218 290 2238 1.
315 2220 352 2238 ex
373 2210 515 2248 llirpinis
531 2210 588 2238 tria
603 2210 718 2247 oppida
737 2215 861 2246 recepta
879 2217 894 2236 a
914 2206 1081 2241 Romanis,
1101 2215 1152 2244 23,
1172 2214 1222 2243 37.
1255 2206 1328 2237 Hir-

189 2252 255 2290 pmi
275 2252 394 2281 dedunt
413 2256 440 2282 lt:
460 2252 626 2288 Romanis,
649 2260 698 2287 27,
722 2261 768 2290 ¹5·
791 2251 904 2280 ‹lorniri
922 2261 939 2279 a
959 2250 990 2279 L.
1009 2250 1109 2286 bulla,
1130 2249 1212 2288 Epit.
1233 2257 1284 2290 75.

144 2295 183 2324 A.
204 2295 337 2326 llirrins.
357 2295 437 2333 Epir.
460 2305 527 2334 ¹¹9·

146 2337 287 2376 Hispalae
307 2338 460 2373 stet-nim,
477 2337 575 2367 nobili
594 2338 705 2371 scorto,
724 2336 893 2376 praernium
923 2346 939 2365 a
964 2336 1071 2365 senatu
1097 2335 1224 2376 datum,
1241 2335 1327 2376 quod

189 2390 257 2419 ejus
273 2390 367 2421 opera
383 2381 594 2412 Bacchanalia
609 2382 740 2414 deiecta,
759 2389 812 2422 39,
830 2389 861 2420 9.
883 2389 929 2420 14.
944 2386 970 2409 cr
992 2389 1040 2421 19.
