1572 2616
240 131 320 185 148
659 144 1000 175 ROMANORUM

228 224 360 272 primis
392 225 452 274 (ut
483 223 634 271 dicitur)
667 224 778 262 labris
810 225 998 263 histoiiam
1033 226 1161 276 populi
1194 227 1306 263 Rom.
1338 227 1422 263 atti·

228 291 337 340 gerit,
357 291 421 339 qui
441 290 608 340 ignoret:
639 297 678 327 et
702 291 877 340 exempla
895 290 1009 340 hujus
1029 293 1082 328 rei
1101 292 1199 329 clara
1216 299 1254 329 et
1272 292 1425 328 illustria

226 356 356 406 paffim
387 356 486 405 apud
509 356 677 393 auctores
705 362 845 393 extant.
903 357 1006 394 Hinc
1038 358 1177 396 facturn
1206 358 1273 403 est,
1293 368 1336 395 ut
1359 359 1423 407 qui

226 423 387 462 honores
415 431 454 460 et
482 424 712 472 magistratus
741 430 927 473 peterent,
948 425 1050 474 plebi
1070 425 1106 462 se
1135 426 1382 468 venditarent,
1403 436 1423 460 a

224 496 377 540 patrum
395 488 575 538 gravitate
595 488 640 524 ad
660 489 1113 537 imperitae-multitudinis
1130 492 1337 539 potentiam
1356 489 1422 524 de-

223 554 437 598 sciscerent,
465 559 596 603 gentes
624 553 799 601 denique,
820 553 992 598 familias,
1023 554 1132 596 sacra,
1162 555 1224 602 qui
1254 554 1422 590 maxime

223 618 421 668 populares
438 617 565 653 haberi
585 616 740 660 vellent,
760 616 959 654 miscerent
978 624 1015 654 et
1033 618 1304 667 perturbarent.
1341 618 1420 653 Ac-

223 683 323 720 cedit
341 682 476 719 eodem
497 681 589 717 illud
612 693 776 730 quoque,
798 687 838 718 ut
859 682 925 730 qui
942 683 1113 731 populari
1133 683 1232 726 luce,
1253 682 1316 731 qui
1338 694 1418 718 ma-

221 747 431 798 gistratibus
454 752 491 782 et
520 746 738 788 honoribus,
760 747 887 782 multis
915 748 1097 790 aetatibus,
1116 745 1322 786 camiffent.
1342 758 1419 782 non

219 813 245 850 ii
260 812 342 862 jam
364 812 402 848 in
422 811 595 860 patriciis,
618 810 679 846 sed
699 811 852 859 plebeiis
872 819 1159 848 numerarentur
1176 825 1182 846 :
1215 809 1316 858 quod
1335 811 1417 858 qui-

220 877 310 914 dem
328 884 429 913 certe
452 876 678 923 Pomponiis,
699 886 860 923 quorum
888 875 1082 911 clariffima
1102 876 1207 924 origo
1234 874 1300 918 est,
1321 874 1422 910 acci-

221 940 311 978 diffe
331 941 451 977 video.
510 940 598 975 Hoc
618 939 744 980 etiam,
767 940 913 987 opinor,
934 939 997 981 est,
1017 940 1118 987 quod
1138 940 1320 975 Scaurum
1338 938 1417 987 ple·

219 1006 351 1043 beium
379 1012 418 1041 et
449 1016 591 1040 novum
619 1003 815 1039 hominem
846 1003 1035 1039 Paedianus
1055 1010 1094 1040 et
1114 999 1333 1039 Plutarchus
1353 1014 1418 1052 ap-

219 1070 374 1120 pellant,
394 1080 513 1117 quum
542 1074 580 1104 et
608 1067 742 1104 nobilis
763 1067 816 1110 fit,
838 1074 876 1104 et
896 1066 1083 1117 majomm
1109 1068 1280 1117 gentium
1305 1068 1416 1117 patri-

221 1135 317 1171 cius.
370 1133 499 1169 Tertia
522 1144 611 1167 vero
639 1138 678 1167 et
705 1131 837 1170 ultima
863 1131 973 1168 causa
1000 1132 1064 1174 est,
1085 1132 1244 1168 civitatis
1272 1131 1418 1168 benefi-

219 1200 334 1234 cium.
393 1197 471 1233 Qui
491 1196 593 1231 enim
613 1195 760 1230 civitate
783 1195 907 1230 donati
936 1194 1035 1237 sunt,
1055 1207 1143 1231 cum
1174 1195 1312 1239 liberti,
1333 1201 1414 1232 tum

218 1263 334 1299 etiam
367 1262 390 1297 ii
422 1260 558 1309 quibus
589 1259 733 1295 virtutis
762 1257 869 1294 causa
904 1259 940 1294 id
972 1260 1154 1295 tributum
1182 1259 1247 1302 est,
1276 1260 1416 1308 patricii

218 1339 296 1364 non
316 1325 427 1367 fiunt,
448 1323 511 1361 sed
530 1323 679 1372 plebeii.
736 1324 794 1359 Sic
823 1323 1021 1360 Cornelius
1050 1323 1189 1360 Balbus
1211 1323 1413 1372 Hispanus,

221 1391 276 1428 vir
295 1388 496 1426 consulam's
510 1396 548 1425 et
569 1386 816 1436 triumphalis,
838 1387 1005 1436 plebeius
1026 1387 1089 1428 est,
1108 1399 1183 1423 non
1201 1394 1329 1424 autem
1347 1400 1412 1437 pa-

219 1455 360 1497 tricius,
376 1460 413 1489 et
435 1452 483 1489 fic
503 1452 548 1488 de
564 1452 716 1500 reliquis
737 1452 926 1495 omnibus,
942 1452 1007 1499 qui
1026 1463 1047 1488 a
1062 1451 1162 1488 Sulla
1181 1452 1330 1488 civitate
1347 1453 1414 1488 do-

218 1520 295 1556 nati
317 1518 413 1561 sunt,
430 1515 675 1566 judicandum
695 1515 855 1553 videtur.
912 1516 993 1552 Has
1019 1522 1091 1552 tres
1118 1516 1274 1552 omnino
1290 1516 1414 1552 causas

218 1583 376 1632 reperio,
411 1593 526 1630 quare
556 1581 667 1616 unius
699 1581 860 1617 nominis
896 1580 1047 1617 familiae
1079 1581 1243 1628 patriciae
1274 1580 1343 1616 fint
1375 1588 1411 1617 et

218 1647 389 1697 plebeiae.
446 1646 586 1693 Neque
615 1650 742 1680 tamen
767 1644 897 1692 ignoro
923 1645 1037 1680 etiam
1066 1644 1306 1693 adoptionem
1325 1657 1412 1681 cau-

219 1711 298 1749 sam
333 1708 489 1759 hujusce
519 1709 572 1745 rei
604 1720 624 1744 a
657 1707 876 1756 quibusdam
906 1711 1107 1750 numerari,
1137 1708 1237 1745 haud
1265 1709 1339 1746 scio
1366 1722 1413 1746 an

220 1777 333 1813 reete.
393 1775 531 1823 Neque
550 1773 652 1810 enirn
675 1773 734 1810 M.
756 1773 892 1809 Brutus
921 1772 1089 1821 plebeius
1118 1785 1138 1809 a
1160 1773 1212 1810 Q.
1235 1774 1413 1823 Caepione

220 1839 376 1889 patricio
403 1838 612 1885 adoptatus,
634 1849 757 1885 neque
785 1837 876 1872 item
906 1837 944 1873 P.
971 1836 1093 1884 Scipio
1120 1837 1294 1884 patricius
1319 1849 1338 1872 a
1362 1837 1414 1873 Q.

222 1902 387 1941 Metello
406 1901 553 1950 plebeio
573 1901 779 1950 adoptatuS,
797 1901 989 1949 patriciam
1018 1901 1234 1943 Brutorum,
1253 1907 1317 1937 aut
1338 1901 1414 1937 Sci-

221 1969 377 2017 pionum
407 1965 592 2014 plebeiam
622 1964 804 2001 familiam
834 1965 1072 2002 constituunt.
1130 1965 1235 2001 Solus
1255 1966 1356 2001 enim
1386 1967 1413 2002 is

221 2032 285 2080 qui
315 2030 525 2078 adoptatur,
545 2028 752 2082 adoptantis
781 2028 1034 2064 conditionem
1055 2028 1231 2076 sequitur,
1252 2041 1328 2065 non
1349 2041 1415 2066 au-

224 2103 304 2132 tem
325 2106 416 2143 gens
434 2092 603 2129 universa
619 2100 682 2129 aut
699 2092 840 2128 familia
860 2092 994 2141 aliqua.
1031 2093 1127 2128 Haec
1143 2104 1190 2129 eo
1210 2094 1413 2141 pertinent,

224 2166 267 2197 ut
294 2158 545 2207 intelligamus
574 2156 750 2193 Claudios
780 2156 957 2193 Pulchros
977 2169 997 2192 a
1018 2156 1209 2193 Marcellis
1226 2157 1328 2193 nulla
1347 2157 1417 2193 alia

224 2223 291 2259 nifi
323 2221 545 2258 conditionis
573 2222 716 2258 ratione
749 2219 913 2263 differre,
945 2220 1089 2269 origine
1121 2221 1231 2270 plane
1263 2220 1414 2257 eosdem

224 2287 310 2326 effe,
341 2286 558 2324 Plutarchus
576 2285 813 2324 Posidonium
827 2284 989 2330 secutus,
1005 2284 1235 2322 Marcellum
1250 2297 1271 2321 a
1287 2285 1414 2322 Marte
