<?xml version="1.0" encoding="UTF-8"?>
<!DOCTYPE html PUBLIC "-//W3C//DTD XHTML 1.0 Transitional//EN"
    "http://www.w3.org/TR/xhtml1/DTD/xhtml1-transitional.dtd">
<html xmlns="http://www.w3.org/1999/xhtml" xml:lang="en" lang="en">
 <head>
  <title>
</title>
<meta http-equiv="Content-Type" content="text/html;charset=utf-8" />
  <meta name='ocr-system' content='tesseract 3.04.00' />
  <meta name='ocr-capabilities' content='ocr_page ocr_carea ocr_par ocr_line ocrx_word'/>
</head>
<body>
  <div class='ocr_page' id='page_1' title='image "./historiarumquaes05livyuoft_0311.png"; bbox 0 0 1572 2616; ppageno 0'>
   <div class='ocr_carea' id='block_1_1' title="bbox 497 438 982 485">
    <p class='ocr_par' dir='ltr' id='par_1_1' title="bbox 497 438 982 485">
     <span class='ocr_line' id='line_1_1' title="bbox 497 438 982 485; baseline -0.004 -1"><span class='ocrx_word' id='word_1_1' title='bbox 497 440 745 485; x_wconf 87' lang='lat' dir='ltr'>SILVIA</span> <span class='ocrx_word' id='word_1_2' title='bbox 784 438 982 483; x_wconf 84' lang='lat' dir='ltr'>GENS.</span> 
     </span>
    </p>
   </div>
   <div class='ocr_carea' id='block_1_2' title="bbox 641 627 860 644">
    <p class='ocr_par' dir='ltr' id='par_1_2' title="bbox 641 627 860 644">
     <span class='ocr_line' id='line_1_2' title="bbox 641 627 860 644; baseline 0 0"><span class='ocrx_word' id='word_1_3' title='bbox 641 627 860 644; x_wconf 95' lang='lat' dir='ltr'> </span> 
     </span>
    </p>
   </div>
   <div class='ocr_carea' id='block_1_3' title="bbox 149 779 1360 2431">
    <p class='ocr_par' dir='ltr' id='par_1_3' title="bbox 149 779 1360 2431">
     <span class='ocr_line' id='line_1_3' title="bbox 151 779 1344 847; baseline -0.008 -13"><span class='ocrx_word' id='word_1_4' title='bbox 151 779 361 834; x_wconf 81' lang='lat' dir='ltr'>SILVIAE</span> <span class='ocrx_word' id='word_1_5' title='bbox 380 795 502 847; x_wconf 86' lang='lat' dir='ltr'>gentis</span> <span class='ocrx_word' id='word_1_6' title='bbox 522 800 596 832; x_wconf 75' lang='lat' dir='ltr'>tres</span> <span class='ocrx_word' id='word_1_7' title='bbox 612 796 769 833; x_wconf 86' lang='lat' dir='ltr'>omnino</span> <span class='ocrx_word' id='word_1_8' title='bbox 786 792 943 830; x_wconf 80' lang='lat' dir='ltr'>familias</span> <span class='ocrx_word' id='word_1_9' title='bbox 971 792 1010 828; x_wconf 88' lang='lat' dir='ltr'>in</span> <span class='ocrx_word' id='word_1_10' title='bbox 1038 797 1210 828; x_wconf 82' lang='lat' dir='ltr'>veterum</span> <span class='ocrx_word' id='word_1_11' title='bbox 1230 799 1344 826; x_wconf 86' lang='lat' dir='ltr'>anna-</span> 
     </span>
     <span class='ocr_line' id='line_1_4' title="bbox 149 854 1345 909; baseline -0.008 -9"><span class='ocrx_word' id='word_1_12' title='bbox 149 861 245 900; x_wconf 86' lang='lat' dir='ltr'>lium</span> <span class='ocrx_word' id='word_1_13' title='bbox 274 860 531 898; x_wconf 81' lang='lat' dir='ltr'>monumentis</span> <span class='ocrx_word' id='word_1_14' title='bbox 558 860 717 909; x_wconf 86' lang='lat' dir='ltr'><strong>reperio.</strong></span> <span class='ocrx_word' id='word_1_15' title='bbox 774 858 949 896; x_wconf 77' lang='lat' dir='ltr'>Quarum</span> <span class='ocrx_word' id='word_1_16' title='bbox 979 857 1098 905; x_wconf 85' lang='lat' dir='ltr'>prima</span> <span class='ocrx_word' id='word_1_17' title='bbox 1118 855 1257 892; x_wconf 85' lang='lat' dir='ltr'>AEneae</span> <span class='ocrx_word' id='word_1_18' title='bbox 1279 854 1345 898; x_wconf 85' lang='lat' dir='ltr'>est,</span> 
     </span>
     <span class='ocr_line' id='line_1_5' title="bbox 150 919 1348 976; baseline -0.008 -13"><span class='ocrx_word' id='word_1_19' title='bbox 150 926 217 976; x_wconf 88' lang='lat' dir='ltr'>qui</span> <span class='ocrx_word' id='word_1_20' title='bbox 238 924 401 962; x_wconf 83' lang='lat' dir='ltr'>Anchise</span> <span class='ocrx_word' id='word_1_21' title='bbox 421 931 523 973; x_wconf 85' lang='lat' dir='ltr'>patre</span> <span class='ocrx_word' id='word_1_22' title='bbox 551 931 673 966; x_wconf 66' lang='lat' dir='ltr'>natm,</span> <span class='ocrx_word' id='word_1_23' title='bbox 693 923 772 973; x_wconf 87' lang='lat' dir='ltr'>post</span> <span class='ocrx_word' id='word_1_24' title='bbox 800 929 965 958; x_wconf 80' lang='lat' dir='ltr'>mortem</span> <span class='ocrx_word' id='word_1_25' title='bbox 986 921 1108 957; x_wconf 84' lang='lat' dir='ltr'>Latini</span> <span class='ocrx_word' id='word_1_26' title='bbox 1127 919 1255 961; x_wconf 84' lang='lat' dir='ltr'>soceri,</span> <span class='ocrx_word' id='word_1_27' title='bbox 1277 919 1348 955; x_wconf 86' lang='lat' dir='ltr'>La-</span> 
     </span>
     <span class='ocr_line' id='line_1_6' title="bbox 150 980 1350 1036; baseline -0.007 -12"><span class='ocrx_word' id='word_1_28' title='bbox 150 989 317 1025; x_wconf 86' lang='lat' dir='ltr'>tinorum</span> <span class='ocrx_word' id='word_1_29' title='bbox 345 999 505 1036; x_wconf 90' lang='lat' dir='ltr'>regnum</span> <span class='ocrx_word' id='word_1_30' title='bbox 533 987 706 1023; x_wconf 81' lang='lat' dir='ltr'><strong>obtinuit.</strong></span> <span class='ocrx_word' id='word_1_31' title='bbox 763 985 840 1022; x_wconf 90' lang='lat' dir='ltr'>Hic</span> <span class='ocrx_word' id='word_1_32' title='bbox 868 984 962 1020; x_wconf 90' lang='lat' dir='ltr'>duos</span> <span class='ocrx_word' id='word_1_33' title='bbox 988 983 1139 1031; x_wconf 86' lang='lat' dir='ltr'>reliquit</span> <span class='ocrx_word' id='word_1_34' title='bbox 1168 981 1266 1017; x_wconf 90' lang='lat' dir='ltr'>filios</span> <span class='ocrx_word' id='word_1_35' title='bbox 1289 980 1350 1017; x_wconf 73' lang='lat' dir='ltr'>su-</span> 
     </span>
     <span class='ocr_line' id='line_1_7' title="bbox 151 1043 1350 1099; baseline -0.007 -13"><span class='ocrx_word' id='word_1_36' title='bbox 151 1050 332 1099; x_wconf 86' lang='lat' dir='ltr'>perstites,</span> <span class='ocrx_word' id='word_1_37' title='bbox 351 1049 558 1087; x_wconf 86' lang='lat' dir='ltr'>Ascanium</span> <span class='ocrx_word' id='word_1_38' title='bbox 577 1048 720 1087; x_wconf 78' lang='lat' dir='ltr'>Creiisa</span> <span class='ocrx_word' id='word_1_39' title='bbox 749 1055 884 1092; x_wconf 78' lang='lat' dir='ltr'>matre,</span> <span class='ocrx_word' id='word_1_40' title='bbox 907 1047 976 1084; x_wconf 86' lang='lat' dir='ltr'>Ilio</span> <span class='ocrx_word' id='word_1_41' title='bbox 1004 1045 1126 1083; x_wconf 89' lang='lat' dir='ltr'>adhuc</span> <span class='ocrx_word' id='word_1_42' title='bbox 1153 1043 1350 1086; x_wconf 84' lang='lat' dir='ltr'>incolumi,</span> 
     </span>
     <span class='ocr_line' id='line_1_8' title="bbox 154 1108 1350 1162; baseline -0.007 -12"><span class='ocrx_word' id='word_1_43' title='bbox 154 1119 299 1155; x_wconf 89' lang='lat' dir='ltr'>natum,</span> <span class='ocrx_word' id='word_1_44' title='bbox 319 1120 358 1150; x_wconf 88' lang='lat' dir='ltr'>et</span> <span class='ocrx_word' id='word_1_45' title='bbox 377 1113 538 1150; x_wconf 88' lang='lat' dir='ltr'>Silvium</span> <span class='ocrx_word' id='word_1_46' title='bbox 558 1113 681 1149; x_wconf 87' lang='lat' dir='ltr'>Latini</span> <span class='ocrx_word' id='word_1_47' title='bbox 707 1112 803 1162; x_wconf 84' lang='lat' dir='ltr'>regis</span> <span class='ocrx_word' id='word_1_48' title='bbox 823 1123 872 1148; x_wconf 84' lang='lat' dir='ltr'>ex</span> <span class='ocrx_word' id='word_1_49' title='bbox 893 1110 1044 1147; x_wconf 84' lang='lat' dir='ltr'>Lavinia</span> <span class='ocrx_word' id='word_1_50' title='bbox 1064 1108 1140 1145; x_wconf 84' lang='lat' dir='ltr'>filia</span> <span class='ocrx_word' id='word_1_51' title='bbox 1159 1114 1350 1156; x_wconf 83' lang='lat' dir='ltr'>nepotem.</span> 
     </span>
     <span class='ocr_line' id='line_1_9' title="bbox 155 1170 1352 1227; baseline -0.005 -13"><span class='ocrx_word' id='word_1_52' title='bbox 155 1177 298 1215; x_wconf 86' lang='lat' dir='ltr'>AEneae</span> <span class='ocrx_word' id='word_1_53' title='bbox 331 1178 370 1214; x_wconf 88' lang='lat' dir='ltr'>in</span> <span class='ocrx_word' id='word_1_54' title='bbox 400 1189 516 1227; x_wconf 87' lang='lat' dir='ltr'>regno</span> <span class='ocrx_word' id='word_1_55' title='bbox 545 1175 714 1213; x_wconf 82' lang='lat' dir='ltr'>succeffit</span> <span class='ocrx_word' id='word_1_56' title='bbox 748 1175 931 1213; x_wconf 88' lang='lat' dir='ltr'>Ascanius</span> <span class='ocrx_word' id='word_1_57' title='bbox 961 1172 1082 1223; x_wconf 83' lang='lat' dir='ltr'>major</span> <span class='ocrx_word' id='word_1_58' title='bbox 1117 1180 1208 1209; x_wconf 84' lang='lat' dir='ltr'>natu</span> <span class='ocrx_word' id='word_1_59' title='bbox 1238 1170 1352 1208; x_wconf 77' lang='lat' dir='ltr'>filius.</span> 
     </span>
     <span class='ocr_line' id='line_1_10' title="bbox 154 1236 1355 1285; baseline -0.007 -6"><span class='ocrx_word' id='word_1_60' title='bbox 154 1240 319 1279; x_wconf 83' lang='lat' dir='ltr'>Ascanio</span> <span class='ocrx_word' id='word_1_61' title='bbox 345 1240 483 1279; x_wconf 88' lang='lat' dir='ltr'>Silvius</span> <span class='ocrx_word' id='word_1_62' title='bbox 508 1241 635 1285; x_wconf 86' lang='lat' dir='ltr'>frater,</span> <span class='ocrx_word' id='word_1_63' title='bbox 652 1239 804 1278; x_wconf 83' lang='lat' dir='ltr'>excluso</span> <span class='ocrx_word' id='word_1_64' title='bbox 830 1239 918 1276; x_wconf 86' lang='lat' dir='ltr'>Iulo</span> <span class='ocrx_word' id='word_1_65' title='bbox 945 1238 1097 1275; x_wconf 88' lang='lat' dir='ltr'>Ascanii</span> <span class='ocrx_word' id='word_1_66' title='bbox 1125 1236 1218 1281; x_wconf 77' lang='lat' dir='ltr'>filio,</span> <span class='ocrx_word' id='word_1_67' title='bbox 1239 1247 1355 1285; x_wconf 85' lang='lat' dir='ltr'>quem</span> 
     </span>
     <span class='ocr_line' id='line_1_11' title="bbox 154 1303 1354 1356; baseline -0.006 -12"><span class='ocrx_word' id='word_1_68' title='bbox 154 1307 176 1344; x_wconf 88' lang='lat' dir='ltr'>J</span> <span class='ocrx_word' id='word_1_69' title='bbox 180 1305 246 1343; x_wconf 85' lang='lat' dir='ltr'>ulii</span> <span class='ocrx_word' id='word_1_70' title='bbox 265 1306 387 1356; x_wconf 84' lang='lat' dir='ltr'>gentis</span> <span class='ocrx_word' id='word_1_71' title='bbox 415 1303 491 1343; x_wconf 82' lang='lat' dir='ltr'>suae</span> <span class='ocrx_word' id='word_1_72' title='bbox 520 1305 724 1347; x_wconf 66' lang='lat' dir='ltr'>auetorem,</span> <span class='ocrx_word' id='word_1_73' title='bbox 742 1313 781 1341; x_wconf 80' lang='lat' dir='ltr'>et</span> <span class='ocrx_word' id='word_1_74' title='bbox 800 1303 953 1340; x_wconf 81' lang='lat' dir='ltr'>familiae</span> <span class='ocrx_word' id='word_1_75' title='bbox 979 1303 1189 1352; x_wconf 86' lang='lat' dir='ltr'>principem</span> <span class='ocrx_word' id='word_1_76' title='bbox 1205 1313 1354 1338; x_wconf 88' lang='lat' dir='ltr'>nuncu-</span> 
     </span>
     <span class='ocr_line' id='line_1_12' title="bbox 156 1368 1353 1422; baseline -0.003 -14"><span class='ocrx_word' id='word_1_77' title='bbox 156 1379 259 1422; x_wconf 86' lang='lat' dir='ltr'>pant.</span> <span class='ocrx_word' id='word_1_78' title='bbox 317 1370 430 1408; x_wconf 88' lang='lat' dir='ltr'>Silvio</span> <span class='ocrx_word' id='word_1_79' title='bbox 458 1378 587 1407; x_wconf 85' lang='lat' dir='ltr'>autem</span> <span class='ocrx_word' id='word_1_80' title='bbox 619 1370 764 1407; x_wconf 87' lang='lat' dir='ltr'>AEneas</span> <span class='ocrx_word' id='word_1_81' title='bbox 798 1369 932 1407; x_wconf 89' lang='lat' dir='ltr'>Silvius</span> <span class='ocrx_word' id='word_1_82' title='bbox 963 1368 1156 1406; x_wconf 84' lang='lat' dir='ltr'>succeffit:</span> <span class='ocrx_word' id='word_1_83' title='bbox 1198 1369 1353 1414; x_wconf 84' lang='lat' dir='ltr'>AEneae‚</span> 
     </span>
     <span class='ocr_line' id='line_1_13' title="bbox 160 1434 1355 1484; baseline -0.004 -9"><span class='ocrx_word' id='word_1_84' title='bbox 160 1438 317 1475; x_wconf 83' lang='lat' dir='ltr'>Latinus</span> <span class='ocrx_word' id='word_1_85' title='bbox 355 1436 504 1480; x_wconf 87' lang='lat' dir='ltr'>Silvius,</span> <span class='ocrx_word' id='word_1_86' title='bbox 540 1436 705 1473; x_wconf 84' lang='lat' dir='ltr'>Laviniae</span> <span class='ocrx_word' id='word_1_87' title='bbox 734 1441 775 1471; x_wconf 80' lang='lat' dir='ltr'>et</span> <span class='ocrx_word' id='word_1_88' title='bbox 809 1434 1065 1484; x_wconf 86' lang='lat' dir='ltr'>Melampodis</span> <span class='ocrx_word' id='word_1_89' title='bbox 1101 1434 1217 1477; x_wconf 88' lang='lat' dir='ltr'>filius,</span> <span class='ocrx_word' id='word_1_90' title='bbox 1255 1434 1355 1472; x_wconf 84' lang='lat' dir='ltr'>Silvii</span> 
     </span>
     <span class='ocr_line' id='line_1_14' title="bbox 158 1497 1353 1551; baseline -0.004 -13"><span class='ocrx_word' id='word_1_91' title='bbox 158 1501 271 1551; x_wconf 88' lang='lat' dir='ltr'>primi</span> <span class='ocrx_word' id='word_1_92' title='bbox 288 1500 402 1537; x_wconf 82' lang='lat' dir='ltr'>frater</span> <span class='ocrx_word' id='word_1_93' title='bbox 421 1500 602 1537; x_wconf 80' lang='lat' dir='ltr'>uterinus.</span> <span class='ocrx_word' id='word_1_94' title='bbox 647 1500 745 1536; x_wconf 84' lang='lat' dir='ltr'>Haee</span> <span class='ocrx_word' id='word_1_95' title='bbox 766 1500 885 1548; x_wconf 87' lang='lat' dir='ltr'>prima</span> <span class='ocrx_word' id='word_1_96' title='bbox 908 1498 1129 1535; x_wconf 83' lang='lat' dir='ltr'>Latinorum</span> <span class='ocrx_word' id='word_1_97' title='bbox 1149 1510 1284 1547; x_wconf 83' lang='lat' dir='ltr'>regum</span> <span class='ocrx_word' id='word_1_98' title='bbox 1299 1497 1353 1534; x_wconf 84' lang='lat' dir='ltr'>fa-</span> 
     </span>
     <span class='ocr_line' id='line_1_15' title="bbox 158 1561 1356 1610; baseline -0.003 -9"><span class='ocrx_word' id='word_1_99' title='bbox 158 1564 262 1601; x_wconf 86' lang='lat' dir='ltr'>milia</span> <span class='ocrx_word' id='word_1_100' title='bbox 290 1564 354 1601; x_wconf 90' lang='lat' dir='ltr'>est.</span> <span class='ocrx_word' id='word_1_101' title='bbox 410 1563 542 1601; x_wconf 85' lang='lat' dir='ltr'>Altera</span> <span class='ocrx_word' id='word_1_102' title='bbox 560 1564 670 1599; x_wconf 82' lang='lat' dir='ltr'>Albae</span> <span class='ocrx_word' id='word_1_103' title='bbox 701 1561 801 1599; x_wconf 90' lang='lat' dir='ltr'>Silvii</span> <span class='ocrx_word' id='word_1_104' title='bbox 831 1561 986 1598; x_wconf 80' lang='lat' dir='ltr'>traditur</span> <span class='ocrx_word' id='word_1_105' title='bbox 1013 1562 1059 1597; x_wconf 87' lang='lat' dir='ltr'>ab</span> <span class='ocrx_word' id='word_1_106' title='bbox 1092 1561 1275 1610; x_wconf 78' lang='lat' dir='ltr'>antiquis:</span> <span class='ocrx_word' id='word_1_107' title='bbox 1307 1573 1356 1598; x_wconf 80' lang='lat' dir='ltr'>ex</span> 
     </span>
     <span class='ocr_line' id='line_1_16' title="bbox 157 1625 1357 1674; baseline -0.002 -10"><span class='ocrx_word' id='word_1_108' title='bbox 157 1626 259 1664; x_wconf 91' lang='lat' dir='ltr'>Alba</span> <span class='ocrx_word' id='word_1_109' title='bbox 284 1627 370 1663; x_wconf 84' lang='lat' dir='ltr'>Atis</span> <span class='ocrx_word' id='word_1_110' title='bbox 396 1633 500 1664; x_wconf 82' lang='lat' dir='ltr'>ortus</span> <span class='ocrx_word' id='word_1_111' title='bbox 525 1626 591 1670; x_wconf 86' lang='lat' dir='ltr'>est,</span> <span class='ocrx_word' id='word_1_112' title='bbox 624 1625 689 1662; x_wconf 84' lang='lat' dir='ltr'>Ati</span> <span class='ocrx_word' id='word_1_113' title='bbox 723 1625 847 1674; x_wconf 87' lang='lat' dir='ltr'>Capis,</span> <span class='ocrx_word' id='word_1_114' title='bbox 875 1625 968 1674; x_wconf 85' lang='lat' dir='ltr'>Capi</span> <span class='ocrx_word' id='word_1_115' title='bbox 1003 1625 1184 1674; x_wconf 78' lang='lat' dir='ltr'>Capetus,</span> <span class='ocrx_word' id='word_1_116' title='bbox 1213 1626 1357 1674; x_wconf 86' lang='lat' dir='ltr'>Capeto</span> 
     </span>
     <span class='ocr_line' id='line_1_17' title="bbox 158 1690 1356 1739; baseline 0 -11"><span class='ocrx_word' id='word_1_117' title='bbox 158 1691 373 1735; x_wconf 70' lang='lat' dir='ltr'>Tiberium,</span> <span class='ocrx_word' id='word_1_118' title='bbox 401 1690 584 1727; x_wconf 90' lang='lat' dir='ltr'>Tiberino</span> <span class='ocrx_word' id='word_1_119' title='bbox 617 1690 799 1739; x_wconf 83' lang='lat' dir='ltr'>Agrippa,</span> <span class='ocrx_word' id='word_1_120' title='bbox 830 1690 891 1726; x_wconf 89' lang='lat' dir='ltr'>cui</span> <span class='ocrx_word' id='word_1_121' title='bbox 925 1690 1106 1726; x_wconf 88' lang='lat' dir='ltr'>Romulus</span> <span class='ocrx_word' id='word_1_122' title='bbox 1138 1690 1253 1734; x_wconf 84' lang='lat' dir='ltr'>filius,</span> <span class='ocrx_word' id='word_1_123' title='bbox 1280 1692 1356 1728; x_wconf 89' lang='lat' dir='ltr'>Ro-</span> 
     </span>
     <span class='ocr_line' id='line_1_18' title="bbox 162 1753 1357 1802; baseline 0.001 -13"><span class='ocrx_word' id='word_1_124' title='bbox 162 1753 268 1789; x_wconf 89' lang='lat' dir='ltr'>mulo</span> <span class='ocrx_word' id='word_1_125' title='bbox 289 1753 503 1790; x_wconf 86' lang='lat' dir='ltr'>Aventinus</span> <span class='ocrx_word' id='word_1_126' title='bbox 532 1754 571 1790; x_wconf 82' lang='lat' dir='ltr'>in</span> <span class='ocrx_word' id='word_1_127' title='bbox 599 1754 704 1802; x_wconf 86' lang='lat' dir='ltr'>regni</span> <span class='ocrx_word' id='word_1_128' title='bbox 733 1753 991 1789; x_wconf 81' lang='lat' dir='ltr'>haereditatem</span> <span class='ocrx_word' id='word_1_129' title='bbox 1018 1753 1196 1791; x_wconf 83' lang='lat' dir='ltr'>succeffit.</span> <span class='ocrx_word' id='word_1_130' title='bbox 1254 1755 1357 1791; x_wconf 89' lang='lat' dir='ltr'>Hinc</span> 
     </span>
     <span class='ocr_line' id='line_1_19' title="bbox 160 1817 1354 1865; baseline 0 -9"><span class='ocrx_word' id='word_1_131' title='bbox 160 1819 269 1856; x_wconf 79' lang='lat' dir='ltr'>tertia</span> <span class='ocrx_word' id='word_1_132' title='bbox 300 1817 438 1854; x_wconf 87' lang='lat' dir='ltr'>familia</span> <span class='ocrx_word' id='word_1_133' title='bbox 470 1819 618 1855; x_wconf 85' lang='lat' dir='ltr'>initium</span> <span class='ocrx_word' id='word_1_134' title='bbox 651 1817 817 1865; x_wconf 72' lang='lat' dir='ltr'>sumpffl,</span> <span class='ocrx_word' id='word_1_135' title='bbox 844 1818 907 1853; x_wconf 91' lang='lat' dir='ltr'>ubi</span> <span class='ocrx_word' id='word_1_136' title='bbox 940 1817 985 1853; x_wconf 86' lang='lat' dir='ltr'>ad</span> <span class='ocrx_word' id='word_1_137' title='bbox 1015 1818 1168 1854; x_wconf 89' lang='lat' dir='ltr'>Procam</span> <span class='ocrx_word' id='word_1_138' title='bbox 1200 1819 1354 1856; x_wconf 80' lang='lat' dir='ltr'>Silvium</span> 
     </span>
     <span class='ocr_line' id='line_1_20' title="bbox 164 1883 1356 1934; baseline 0.001 -12"><span class='ocrx_word' id='word_1_139' title='bbox 164 1886 384 1922; x_wconf 84' lang='lat' dir='ltr'>Latinorum</span> <span class='ocrx_word' id='word_1_140' title='bbox 404 1897 564 1934; x_wconf 90' lang='lat' dir='ltr'>regnum</span> <span class='ocrx_word' id='word_1_141' title='bbox 591 1883 807 1920; x_wconf 83' lang='lat' dir='ltr'>transsatum</span> <span class='ocrx_word' id='word_1_142' title='bbox 835 1884 901 1927; x_wconf 87' lang='lat' dir='ltr'>est,</span> <span class='ocrx_word' id='word_1_143' title='bbox 923 1896 942 1919; x_wconf 93' lang='lat' dir='ltr'>a</span> <span class='ocrx_word' id='word_1_144' title='bbox 973 1897 1048 1933; x_wconf 87' lang='lat' dir='ltr'>quo</span> <span class='ocrx_word' id='word_1_145' title='bbox 1068 1897 1193 1922; x_wconf 86' lang='lat' dir='ltr'>rerum</span> <span class='ocrx_word' id='word_1_146' title='bbox 1217 1887 1356 1923; x_wconf 83' lang='lat' dir='ltr'>Rorna-</span> 
     </span>
     <span class='ocr_line' id='line_1_21' title="bbox 163 1947 1358 1998; baseline 0.003 -11"><span class='ocrx_word' id='word_1_147' title='bbox 163 1962 298 1988; x_wconf 87' lang='lat' dir='ltr'>narum</span> <span class='ocrx_word' id='word_1_148' title='bbox 314 1950 480 1987; x_wconf 68' lang='lat' dir='ltr'>au&amp;ores</span> <span class='ocrx_word' id='word_1_149' title='bbox 500 1948 687 1985; x_wconf 89' lang='lat' dir='ltr'>historiam</span> <span class='ocrx_word' id='word_1_150' title='bbox 708 1947 812 1984; x_wconf 86' lang='lat' dir='ltr'>suam</span> <span class='ocrx_word' id='word_1_151' title='bbox 829 1961 938 1998; x_wconf 79' lang='lat' dir='ltr'>paene</span> <span class='ocrx_word' id='word_1_152' title='bbox 952 1962 1083 1986; x_wconf 85' lang='lat' dir='ltr'>omnes</span> <span class='ocrx_word' id='word_1_153' title='bbox 1099 1952 1358 1991; x_wconf 83' lang='lat' dir='ltr'>exordiuntur.</span> 
     </span>
     <span class='ocr_line' id='line_1_22' title="bbox 165 2012 1359 2053; baseline 0.002 -2"><span class='ocrx_word' id='word_1_154' title='bbox 165 2015 280 2052; x_wconf 86' lang='lat' dir='ltr'>Proca</span> <span class='ocrx_word' id='word_1_155' title='bbox 299 2012 395 2050; x_wconf 88' lang='lat' dir='ltr'>filios</span> <span class='ocrx_word' id='word_1_156' title='bbox 424 2013 554 2049; x_wconf 86' lang='lat' dir='ltr'>habuit</span> <span class='ocrx_word' id='word_1_157' title='bbox 583 2013 825 2049; x_wconf 85' lang='lat' dir='ltr'>Numitorem</span> <span class='ocrx_word' id='word_1_158' title='bbox 855 2020 892 2048; x_wconf 87' lang='lat' dir='ltr'>et</span> <span class='ocrx_word' id='word_1_159' title='bbox 913 2013 1125 2050; x_wconf 84' lang='lat' dir='ltr'>Amulium.</span> <span class='ocrx_word' id='word_1_160' title='bbox 1182 2016 1359 2053; x_wconf 85' lang='lat' dir='ltr'>Amulius</span> 
     </span>
     <span class='ocr_line' id='line_1_23' title="bbox 165 2075 1359 2127; baseline 0.003 -13"><span class='ocrx_word' id='word_1_161' title='bbox 165 2089 324 2127; x_wconf 83' lang='lat' dir='ltr'>regnum</span> <span class='ocrx_word' id='word_1_162' title='bbox 346 2078 379 2113; x_wconf 87' lang='lat' dir='ltr'>vi</span> <span class='ocrx_word' id='word_1_163' title='bbox 400 2076 611 2125; x_wconf 80' lang='lat' dir='ltr'>occupavit,</span> <span class='ocrx_word' id='word_1_164' title='bbox 629 2088 704 2124; x_wconf 88' lang='lat' dir='ltr'>quo</span> <span class='ocrx_word' id='word_1_165' title='bbox 720 2075 856 2120; x_wconf 90' lang='lat' dir='ltr'>occis0‚</span> <span class='ocrx_word' id='word_1_166' title='bbox 876 2076 1058 2113; x_wconf 83' lang='lat' dir='ltr'>Numitor</span> <span class='ocrx_word' id='word_1_167' title='bbox 1079 2079 1116 2114; x_wconf 83' lang='lat' dir='ltr'>in</span> <span class='ocrx_word' id='word_1_168' title='bbox 1133 2091 1290 2127; x_wconf 87' lang='lat' dir='ltr'>regnum</span> <span class='ocrx_word' id='word_1_169' title='bbox 1307 2080 1359 2117; x_wconf 85' lang='lat' dir='ltr'>est</span> 
     </span>
     <span class='ocr_line' id='line_1_24' title="bbox 165 2140 1360 2183; baseline 0.001 -4"><span class='ocrx_word' id='word_1_170' title='bbox 165 2142 367 2183; x_wconf 83' lang='lat' dir='ltr'>restitutus,</span> <span class='ocrx_word' id='word_1_171' title='bbox 389 2153 477 2177; x_wconf 86' lang='lat' dir='ltr'>avus</span> <span class='ocrx_word' id='word_1_172' title='bbox 505 2146 695 2176; x_wconf 85' lang='lat' dir='ltr'>maternus</span> <span class='ocrx_word' id='word_1_173' title='bbox 726 2140 877 2176; x_wconf 85' lang='lat' dir='ltr'>Romuli</span> <span class='ocrx_word' id='word_1_174' title='bbox 905 2148 944 2176; x_wconf 84' lang='lat' dir='ltr'>et</span> <span class='ocrx_word' id='word_1_175' title='bbox 976 2141 1099 2178; x_wconf 82' lang='lat' dir='ltr'>Remi.</span> <span class='ocrx_word' id='word_1_176' title='bbox 1157 2143 1252 2178; x_wconf 77' lang='lat' dir='ltr'>Haec</span> <span class='ocrx_word' id='word_1_177' title='bbox 1282 2144 1360 2181; x_wconf 84' lang='lat' dir='ltr'>fere</span> 
     </span>
     <span class='ocr_line' id='line_1_25' title="bbox 167 2202 1359 2256; baseline 0.004 -16"><span class='ocrx_word' id='word_1_178' title='bbox 167 2203 317 2240; x_wconf 82' lang='lat' dir='ltr'>tradunt</span> <span class='ocrx_word' id='word_1_179' title='bbox 351 2204 548 2252; x_wconf 72' lang='lat' dir='ltr'>Dionysius</span> <span class='ocrx_word' id='word_1_180' title='bbox 583 2202 894 2246; x_wconf 77' lang='lat' dir='ltr'>Halicarnaffeus,</span> <span class='ocrx_word' id='word_1_181' title='bbox 930 2204 1069 2246; x_wconf 77' lang='lat' dir='ltr'>Livius,</span> <span class='ocrx_word' id='word_1_182' title='bbox 1101 2205 1293 2256; x_wconf 82' lang='lat' dir='ltr'>Virgilius,</span> <span class='ocrx_word' id='word_1_183' title='bbox 1322 2219 1359 2245; x_wconf 74' lang='lat' dir='ltr'>et</span> 
     </span>
     <span class='ocr_line' id='line_1_26' title="bbox 167 2265 1359 2317; baseline 0.002 -11"><span class='ocrx_word' id='word_1_184' title='bbox 167 2268 300 2317; x_wconf 86' lang='lat' dir='ltr'>reliqui</span> <span class='ocrx_word' id='word_1_185' title='bbox 318 2267 420 2316; x_wconf 82' lang='lat' dir='ltr'>quasi</span> <span class='ocrx_word' id='word_1_186' title='bbox 439 2268 629 2303; x_wconf 86' lang='lat' dir='ltr'>minorum</span> <span class='ocrx_word' id='word_1_187' title='bbox 648 2265 819 2316; x_wconf 81' lang='lat' dir='ltr'>gentium</span> <span class='ocrx_word' id='word_1_188' title='bbox 842 2267 1013 2311; x_wconf 83' lang='lat' dir='ltr'>historici,</span> <span class='ocrx_word' id='word_1_189' title='bbox 1037 2268 1206 2306; x_wconf 67' lang='lat' dir='ltr'>Velleius</span> <span class='ocrx_word' id='word_1_190' title='bbox 1238 2271 1359 2308; x_wconf 76' lang='lat' dir='ltr'>Pater-</span> 
     </span>
     <span class='ocr_line' id='line_1_27' title="bbox 168 2330 1358 2377; baseline 0.003 -9"><span class='ocrx_word' id='word_1_191' title='bbox 168 2331 290 2377; x_wconf 81' lang='lat' dir='ltr'>culus,</span> <span class='ocrx_word' id='word_1_192' title='bbox 311 2331 483 2368; x_wconf 81' lang='lat' dir='ltr'>Messalla</span> <span class='ocrx_word' id='word_1_193' title='bbox 512 2331 709 2374; x_wconf 83' lang='lat' dir='ltr'>Corvinus,</span> <span class='ocrx_word' id='word_1_194' title='bbox 729 2330 977 2372; x_wconf 79' lang='lat' dir='ltr'>Caffiodorus,</span> <span class='ocrx_word' id='word_1_195' title='bbox 999 2332 1162 2377; x_wconf 81' lang='lat' dir='ltr'>Orolius,</span> <span class='ocrx_word' id='word_1_196' title='bbox 1184 2335 1358 2372; x_wconf 76' lang='lat' dir='ltr'>Zonaras.</span> 
     </span>
     <span class='ocr_line' id='line_1_28' title="bbox 760 2394 840 2431; baseline 0 0"><span class='ocrx_word' id='word_1_197' title='bbox 760 2394 798 2431; x_wconf 93' lang='lat' dir='ltr'>O</span> <span class='ocrx_word' id='word_1_198' title='bbox 816 2400 840 2431; x_wconf 87' lang='lat'>2</span> 
     </span>
    </p>
   </div>
  </div>
 </body>
</html>
