<?xml version="1.0" encoding="UTF-8"?>
<!DOCTYPE html PUBLIC "-//W3C//DTD XHTML 1.0 Transitional//EN"
    "http://www.w3.org/TR/xhtml1/DTD/xhtml1-transitional.dtd">
<html xmlns="http://www.w3.org/1999/xhtml" xml:lang="en" lang="en">
 <head>
  <title>
</title>
<meta http-equiv="Content-Type" content="text/html;charset=utf-8" />
  <meta name='ocr-system' content='tesseract 3.04.00' />
  <meta name='ocr-capabilities' content='ocr_page ocr_carea ocr_par ocr_line ocrx_word'/>
</head>
<body>
  <div class='ocr_page' id='page_1' title='image "./historiarumquaes05livyuoft_0130.png"; bbox 0 0 1572 2616; ppageno 0'>
   <div class='ocr_carea' id='block_1_1' title="bbox 242 136 1079 168">
    <p class='ocr_par' dir='ltr' id='par_1_1' title="bbox 242 136 1079 168">
     <span class='ocr_line' id='line_1_1' title="bbox 242 136 1079 168; baseline -0.002 -1"><span class='ocrx_word' id='word_1_1' title='bbox 242 137 325 168; x_wconf 91' lang='lat'>110</span> <span class='ocrx_word' id='word_1_2' title='bbox 588 136 752 166; x_wconf 89' lang='lat' dir='ltr'>INDEX</span> <span class='ocrx_word' id='word_1_3' title='bbox 787 136 841 165; x_wconf 91' lang='lat' dir='ltr'>IN</span> <span class='ocrx_word' id='word_1_4' title='bbox 875 136 920 165; x_wconf 89' lang='grc' dir='ltr'>Τ.</span> <span class='ocrx_word' id='word_1_5' title='bbox 946 136 1079 167; x_wconf 87' lang='lat' dir='ltr'>LIVII</span> 
     </span>
    </p>
   </div>
   <div class='ocr_carea' id='block_1_2' title="bbox 234 215 1434 2404">
    <p class='ocr_par' dir='ltr' id='par_1_2' title="bbox 234 215 1424 430">
     <span class='ocr_line' id='line_1_2' title="bbox 234 215 1423 256; baseline 0.001 -9"><span class='ocrx_word' id='word_1_6' title='bbox 234 216 403 256; x_wconf 82' lang='lat' dir='ltr'>Hispania,</span> <span class='ocrx_word' id='word_1_7' title='bbox 421 216 502 246; x_wconf 88' lang='lat' dir='ltr'>inter</span> <span class='ocrx_word' id='word_1_8' title='bbox 514 215 630 246; x_wconf 87' lang='lat' dir='ltr'>Poenos</span> <span class='ocrx_word' id='word_1_9' title='bbox 645 223 677 246; x_wconf 89' lang='lat' dir='ltr'>et</span> <span class='ocrx_word' id='word_1_10' title='bbox 693 216 858 247; x_wconf 88' lang='lat' dir='ltr'>Romanos</span> <span class='ocrx_word' id='word_1_11' title='bbox 873 217 971 247; x_wconf 88' lang='lat' dir='ltr'>divisa</span> <span class='ocrx_word' id='word_1_12' title='bbox 984 226 1081 247; x_wconf 90' lang='lat' dir='ltr'>amne</span> <span class='ocrx_word' id='word_1_13' title='bbox 1096 215 1200 253; x_wconf 82' lang='lat' dir='ltr'>Ibem,</span> <span class='ocrx_word' id='word_1_14' title='bbox 1219 225 1272 253; x_wconf 83' lang='lat'>21,</span> <span class='ocrx_word' id='word_1_15' title='bbox 1291 226 1321 247; x_wconf 89' lang='lat'>2.</span> <span class='ocrx_word' id='word_1_16' title='bbox 1345 216 1423 248; x_wconf 86' lang='lat' dir='ltr'>cite-</span> 
     </span>
     <span class='ocr_line' id='line_1_3' title="bbox 278 260 1420 300; baseline 0 -10"><span class='ocrx_word' id='word_1_17' title='bbox 278 261 354 296; x_wconf 86' lang='lat' dir='ltr'>rior,</span> <span class='ocrx_word' id='word_1_18' title='bbox 372 260 513 295; x_wconf 75' lang='lat' dir='ltr'>ulterior,</span> <span class='ocrx_word' id='word_1_19' title='bbox 534 269 586 297; x_wconf 84' lang='lat'>32,</span> <span class='ocrx_word' id='word_1_20' title='bbox 605 261 656 290; x_wconf 84' lang='lat'>28.</span> <span class='ocrx_word' id='word_1_21' title='bbox 682 261 787 300; x_wconf 90' lang='lat' dir='ltr'>prima</span> <span class='ocrx_word' id='word_1_22' title='bbox 803 260 958 290; x_wconf 88' lang='lat' dir='ltr'>Romanis</span> <span class='ocrx_word' id='word_1_23' title='bbox 983 261 1062 290; x_wconf 87' lang='lat' dir='ltr'>inita</span> <span class='ocrx_word' id='word_1_24' title='bbox 1082 260 1330 300; x_wconf 87' lang='lat' dir='ltr'>provinciarum,</span> <span class='ocrx_word' id='word_1_25' title='bbox 1348 270 1420 299; x_wconf 82' lang='lat' dir='ltr'>quae</span> 
     </span>
     <span class='ocr_line' id='line_1_4' title="bbox 279 302 1422 343; baseline 0.001 -11"><span class='ocrx_word' id='word_1_26' title='bbox 279 303 412 342; x_wconf 89' lang='lat' dir='ltr'>quidem</span> <span class='ocrx_word' id='word_1_27' title='bbox 437 303 634 332; x_wconf 87' lang='lat' dir='ltr'>continentis</span> <span class='ocrx_word' id='word_1_28' title='bbox 657 302 731 339; x_wconf 78' lang='lat' dir='ltr'>sint,</span> <span class='ocrx_word' id='word_1_29' title='bbox 749 304 907 341; x_wconf 87' lang='lat' dir='ltr'>postrema</span> <span class='ocrx_word' id='word_1_30' title='bbox 928 304 1105 343; x_wconf 88' lang='lat' dir='ltr'>perdomita</span> <span class='ocrx_word' id='word_1_31' title='bbox 1126 304 1182 340; x_wconf 84' lang='lat' dir='ltr'>est,</span> <span class='ocrx_word' id='word_1_32' title='bbox 1206 303 1303 333; x_wconf 65' lang='lat' dir='ltr'>dufitu</span> <span class='ocrx_word' id='word_1_33' title='bbox 1319 303 1422 343; x_wconf 88' lang='lat' dir='ltr'>auspi-</span> 
     </span>
     <span class='ocr_line' id='line_1_5' title="bbox 279 345 1424 387; baseline 0 -11"><span class='ocrx_word' id='word_1_34' title='bbox 279 347 395 385; x_wconf 88' lang='lat' dir='ltr'>cioque</span> <span class='ocrx_word' id='word_1_35' title='bbox 411 346 545 385; x_wconf 79' lang='lat' dir='ltr'>Augusti</span> <span class='ocrx_word' id='word_1_36' title='bbox 567 345 707 384; x_wconf 83' lang='lat' dir='ltr'>Caesaris‚</span> <span class='ocrx_word' id='word_1_37' title='bbox 726 349 779 383; x_wconf 85' lang='lat'>28,</span> <span class='ocrx_word' id='word_1_38' title='bbox 802 356 850 378; x_wconf 89' lang='lat'>12.</span> <span class='ocrx_word' id='word_1_39' title='bbox 873 347 995 387; x_wconf 84' lang='lat' dir='ltr'>primus</span> <span class='ocrx_word' id='word_1_40' title='bbox 1019 347 1054 376; x_wconf 90' lang='lat' dir='ltr'>in</span> <span class='ocrx_word' id='word_1_41' title='bbox 1074 356 1147 376; x_wconf 87' lang='lat' dir='ltr'>eam</span> <span class='ocrx_word' id='word_1_42' title='bbox 1171 346 1339 376; x_wconf 89' lang='lat' dir='ltr'>Romanus</span> <span class='ocrx_word' id='word_1_43' title='bbox 1361 346 1424 377; x_wconf 87' lang='lat' dir='ltr'>im-</span> 
     </span>
     <span class='ocr_line' id='line_1_6' title="bbox 279 388 1121 430; baseline 0.002 -12"><span class='ocrx_word' id='word_1_44' title='bbox 279 395 403 428; x_wconf 83' lang='lat' dir='ltr'>perator</span> <span class='ocrx_word' id='word_1_45' title='bbox 420 388 620 427; x_wconf 59' lang='lat' dir='ltr'>transgressus</span> <span class='ocrx_word' id='word_1_46' title='bbox 637 389 696 419; x_wconf 90' lang='lat' dir='ltr'>Cn.</span> <span class='ocrx_word' id='word_1_47' title='bbox 709 390 831 429; x_wconf 83' lang='lat' dir='ltr'>Scipio,</span> <span class='ocrx_word' id='word_1_48' title='bbox 850 400 902 427; x_wconf 88' lang='lat'>21,</span> <span class='ocrx_word' id='word_1_49' title='bbox 923 399 973 428; x_wconf 88' lang='lat'>32.</span> <span class='ocrx_word' id='word_1_50' title='bbox 998 397 1052 430; x_wconf 87' lang='lat'>25,</span> <span class='ocrx_word' id='word_1_51' title='bbox 1070 397 1121 428; x_wconf 89' lang='lat'>37.</span> 
     </span>
    </p>

    <p class='ocr_par' dir='ltr' id='par_1_3' title="bbox 236 431 1423 515">
     <span class='ocr_line' id='line_1_7' title="bbox 236 431 1423 473; baseline 0.001 -12"><span class='ocrx_word' id='word_1_52' title='bbox 236 431 392 471; x_wconf 81' lang='lat' dir='ltr'>Hispania</span> <span class='ocrx_word' id='word_1_53' title='bbox 418 431 537 462; x_wconf 84' lang='lat' dir='ltr'>multas</span> <span class='ocrx_word' id='word_1_54' title='bbox 560 432 659 462; x_wconf 86' lang='lat' dir='ltr'>habet</span> <span class='ocrx_word' id='word_1_55' title='bbox 681 439 794 470; x_wconf 85' lang='lat' dir='ltr'>turres,</span> <span class='ocrx_word' id='word_1_56' title='bbox 812 433 927 472; x_wconf 88' lang='lat' dir='ltr'>quibus</span> <span class='ocrx_word' id='word_1_57' title='bbox 954 442 1010 472; x_wconf 91' lang='lat' dir='ltr'>pro</span> <span class='ocrx_word' id='word_1_58' title='bbox 1036 431 1170 473; x_wconf 78' lang='lat' dir='ltr'><strong>speculis</strong></span> <span class='ocrx_word' id='word_1_59' title='bbox 1189 439 1220 462; x_wconf 89' lang='lat' dir='ltr'>et</span> <span class='ocrx_word' id='word_1_60' title='bbox 1237 441 1423 472; x_wconf 86' lang='lat' dir='ltr'>propugna-</span> 
     </span>
     <span class='ocr_line' id='line_1_8' title="bbox 282 475 984 515; baseline 0.001 -10"><span class='ocrx_word' id='word_1_61' title='bbox 282 475 365 505; x_wconf 81' lang='lat' dir='ltr'>culis</span> <span class='ocrx_word' id='word_1_62' title='bbox 381 481 517 505; x_wconf 89' lang='lat' dir='ltr'>utuntur</span> <span class='ocrx_word' id='word_1_63' title='bbox 532 475 677 505; x_wconf 88' lang='lat' dir='ltr'>adversus</span> <span class='ocrx_word' id='word_1_64' title='bbox 692 475 843 512; x_wconf 84' lang='lat' dir='ltr'>latrones,</span> <span class='ocrx_word' id='word_1_65' title='bbox 861 486 912 513; x_wconf 83' lang='lat'>22,</span> <span class='ocrx_word' id='word_1_66' title='bbox 934 485 984 515; x_wconf 88' lang='lat'>19.</span> 
     </span>
    </p>

    <p class='ocr_par' dir='ltr' id='par_1_4' title="bbox 236 517 898 557">
     <span class='ocr_line' id='line_1_9' title="bbox 236 517 898 557; baseline 0.005 -10"><span class='ocrx_word' id='word_1_67' title='bbox 236 534 279 542; x_wconf 89' lang='lat'>—</span> <span class='ocrx_word' id='word_1_68' title='bbox 295 517 381 548; x_wconf 89' lang='lat' dir='ltr'>bello</span> <span class='ocrx_word' id='word_1_69' title='bbox 395 518 569 557; x_wconf 87' lang='lat' dir='ltr'>reparando</span> <span class='ocrx_word' id='word_1_70' title='bbox 585 518 756 557; x_wconf 84' lang='lat' dir='ltr'>aptiffima‚</span> <span class='ocrx_word' id='word_1_71' title='bbox 776 520 828 556; x_wconf 88' lang='lat'>28,</span> <span class='ocrx_word' id='word_1_72' title='bbox 850 529 898 550; x_wconf 91' lang='lat'>12.</span> 
     </span>
    </p>

    <p class='ocr_par' dir='ltr' id='par_1_5' title="bbox 235 560 1425 643">
     <span class='ocr_line' id='line_1_10' title="bbox 235 560 1425 601; baseline 0.001 -10"><span class='ocrx_word' id='word_1_73' title='bbox 235 577 281 584; x_wconf 93' lang='lat'>—-</span> <span class='ocrx_word' id='word_1_74' title='bbox 296 561 383 591; x_wconf 87' lang='lat' dir='ltr'>arido</span> <span class='ocrx_word' id='word_1_75' title='bbox 404 567 436 591; x_wconf 91' lang='lat' dir='ltr'>et</span> <span class='ocrx_word' id='word_1_76' title='bbox 453 561 577 591; x_wconf 88' lang='lat' dir='ltr'>inculto</span> <span class='ocrx_word' id='word_1_77' title='bbox 593 560 657 591; x_wconf 85' lang='lat' dir='ltr'>solo</span> <span class='ocrx_word' id='word_1_78' title='bbox 679 571 833 601; x_wconf 78' lang='lat' dir='ltr'>magnam</span> <span class='ocrx_word' id='word_1_79' title='bbox 850 563 980 593; x_wconf 89' lang='lat' dir='ltr'>urbium</span> <span class='ocrx_word' id='word_1_80' title='bbox 1000 561 1244 592; x_wconf 82' lang='lat' dir='ltr'>multitudinem</span> <span class='ocrx_word' id='word_1_81' title='bbox 1260 561 1342 592; x_wconf 87' lang='lat' dir='ltr'>alere</span> <span class='ocrx_word' id='word_1_82' title='bbox 1358 571 1425 592; x_wconf 88' lang='lat' dir='ltr'>non</span> 
     </span>
     <span class='ocr_line' id='line_1_11' title="bbox 281 605 516 643; baseline -0.004 -10"><span class='ocrx_word' id='word_1_83' title='bbox 281 605 394 642; x_wconf 86' lang='lat' dir='ltr'>potest,</span> <span class='ocrx_word' id='word_1_84' title='bbox 412 614 468 643; x_wconf 88' lang='lat'>41,</span> <span class='ocrx_word' id='word_1_85' title='bbox 487 614 516 643; x_wconf 83' lang='lat'>3.</span> 
     </span>
    </p>

    <p class='ocr_par' dir='ltr' id='par_1_6' title="bbox 237 646 1197 686">
     <span class='ocr_line' id='line_1_12' title="bbox 237 646 1197 686; baseline 0 -8"><span class='ocrx_word' id='word_1_86' title='bbox 237 647 403 686; x_wconf 84' lang='lat' dir='ltr'>Hispaniae</span> <span class='ocrx_word' id='word_1_87' title='bbox 418 647 490 677; x_wconf 89' lang='lat' dir='ltr'>loca</span> <span class='ocrx_word' id='word_1_88' title='bbox 505 646 657 686; x_wconf 80' lang='lat' dir='ltr'>pleraque</span> <span class='ocrx_word' id='word_1_89' title='bbox 670 648 785 677; x_wconf 81' lang='lat' dir='ltr'>crebris</span> <span class='ocrx_word' id='word_1_90' title='bbox 801 647 930 678; x_wconf 88' lang='lat' dir='ltr'>saltibus</span> <span class='ocrx_word' id='word_1_91' title='bbox 947 647 1081 682; x_wconf 82' lang='lat' dir='ltr'>inclusa,</span> <span class='ocrx_word' id='word_1_92' title='bbox 1100 650 1152 684; x_wconf 88' lang='lat'>28,</span> <span class='ocrx_word' id='word_1_93' title='bbox 1170 658 1197 678; x_wconf 92' lang='lat'>1.</span> 
     </span>
    </p>

    <p class='ocr_par' dir='ltr' id='par_1_7' title="bbox 237 689 1338 731">
     <span class='ocr_line' id='line_1_13' title="bbox 237 689 1338 731; baseline 0 -12"><span class='ocrx_word' id='word_1_94' title='bbox 237 689 372 729; x_wconf 85' lang='lat' dir='ltr'>Hispani</span> <span class='ocrx_word' id='word_1_95' title='bbox 389 690 598 721; x_wconf 86' lang='lat' dir='ltr'>sollicitantur</span> <span class='ocrx_word' id='word_1_96' title='bbox 614 700 633 720; x_wconf 84' lang='lat' dir='ltr'>a</span> <span class='ocrx_word' id='word_1_97' title='bbox 647 690 758 729; x_wconf 87' lang='lat' dir='ltr'>legatis</span> <span class='ocrx_word' id='word_1_98' title='bbox 773 691 930 721; x_wconf 85' lang='lat' dir='ltr'>Romanis</span> <span class='ocrx_word' id='word_1_99' title='bbox 945 698 1056 720; x_wconf 88' lang='lat' dir='ltr'>contra</span> <span class='ocrx_word' id='word_1_100' title='bbox 1073 690 1200 727; x_wconf 85' lang='lat' dir='ltr'>Poenos,</span> <span class='ocrx_word' id='word_1_101' title='bbox 1218 701 1270 726; x_wconf 88' lang='lat'>21,</span> <span class='ocrx_word' id='word_1_102' title='bbox 1290 700 1338 731; x_wconf 86' lang='lat'>19.</span> 
     </span>
    </p>

    <p class='ocr_par' dir='ltr' id='par_1_8' title="bbox 237 733 1296 772">
     <span class='ocr_line' id='line_1_14' title="bbox 237 733 1296 772; baseline 0.002 -10"><span class='ocrx_word' id='word_1_103' title='bbox 237 749 281 756; x_wconf 93' lang='lat'>—·</span> <span class='ocrx_word' id='word_1_104' title='bbox 297 733 460 772; x_wconf 78' lang='lat' dir='ltr'>suppositis</span> <span class='ocrx_word' id='word_1_105' title='bbox 477 734 666 764; x_wconf 79' lang='lat' dir='ltr'>incubantes</span> <span class='ocrx_word' id='word_1_106' title='bbox 682 734 786 771; x_wconf 71' lang='lat' dir='ltr'>certis,</span> <span class='ocrx_word' id='word_1_107' title='bbox 803 734 1002 764; x_wconf 87' lang='lat' dir='ltr'>Rhodanum</span> <span class='ocrx_word' id='word_1_108' title='bbox 1017 734 1226 770; x_wconf 75' lang='lat' dir='ltr'>transnatant,</span> <span class='ocrx_word' id='word_1_109' title='bbox 1245 742 1296 770; x_wconf 89' lang='lat'>27.</span> 
     </span>
    </p>

    <p class='ocr_par' dir='ltr' id='par_1_9' title="bbox 237 777 1197 816">
     <span class='ocr_line' id='line_1_15' title="bbox 237 777 1197 816; baseline 0.001 -11"><span class='ocrx_word' id='word_1_110' title='bbox 237 792 282 799; x_wconf 90' lang='lat'>——</span> <span class='ocrx_word' id='word_1_111' title='bbox 294 777 333 806; x_wconf 84' lang='lat' dir='ltr'>ad</span> <span class='ocrx_word' id='word_1_112' title='bbox 349 777 606 806; x_wconf 80' lang='lat' dir='ltr'>concursandum</span> <span class='ocrx_word' id='word_1_113' title='bbox 624 778 705 806; x_wconf 91' lang='lat' dir='ltr'>inter</span> <span class='ocrx_word' id='word_1_114' title='bbox 721 777 794 806; x_wconf 84' lang='lat' dir='ltr'>saxa</span> <span class='ocrx_word' id='word_1_115' title='bbox 808 777 961 816; x_wconf 85' lang='lat' dir='ltr'>rupesque</span> <span class='ocrx_word' id='word_1_116' title='bbox 973 778 1052 816; x_wconf 88' lang='lat' dir='ltr'>apti,</span> <span class='ocrx_word' id='word_1_117' title='bbox 1073 786 1127 814; x_wconf 86' lang='lat'>22,</span> <span class='ocrx_word' id='word_1_118' title='bbox 1149 778 1197 807; x_wconf 89' lang='lat'>18.</span> 
     </span>
    </p>

    <p class='ocr_par' dir='ltr' id='par_1_10' title="bbox 238 819 980 858">
     <span class='ocr_line' id='line_1_16' title="bbox 238 819 980 858; baseline 0.003 -10"><span class='ocrx_word' id='word_1_119' title='bbox 238 819 432 858; x_wconf 88' lang='lat' dir='ltr'>—inquieti</span> <span class='ocrx_word' id='word_1_120' title='bbox 449 820 597 858; x_wconf 86' lang='lat' dir='ltr'>avidique</span> <span class='ocrx_word' id='word_1_121' title='bbox 614 819 646 849; x_wconf 89' lang='lat' dir='ltr'>in</span> <span class='ocrx_word' id='word_1_122' title='bbox 663 830 710 850; x_wconf 84' lang='lat' dir='ltr'>res</span> <span class='ocrx_word' id='word_1_123' title='bbox 726 829 838 857; x_wconf 74' lang='lat' dir='ltr'>novaS,</span> <span class='ocrx_word' id='word_1_124' title='bbox 859 831 911 857; x_wconf 85' lang='grc'>22,</span> <span class='ocrx_word' id='word_1_125' title='bbox 928 830 980 851; x_wconf 91' lang='lat'>21.</span> 
     </span>
    </p>

    <p class='ocr_par' dir='ltr' id='par_1_11' title="bbox 238 861 1426 988">
     <span class='ocr_line' id='line_1_17' title="bbox 238 861 1426 902; baseline 0.001 -11"><span class='ocrx_word' id='word_1_126' title='bbox 238 878 282 884; x_wconf 94' lang='lat'><strong>—</strong></span> <span class='ocrx_word' id='word_1_127' title='bbox 297 861 399 891; x_wconf 71' lang='lat' dir='ltr'>alleffi</span> <span class='ocrx_word' id='word_1_128' title='bbox 418 863 523 901; x_wconf 77' lang='lat' dir='ltr'>praeda</span> <span class='ocrx_word' id='word_1_129' title='bbox 539 863 720 899; x_wconf 68' lang='lat' dir='ltr'>caeduntur,</span> <span class='ocrx_word' id='word_1_130' title='bbox 738 865 790 899; x_wconf 84' lang='lat'>28,</span> <span class='ocrx_word' id='word_1_131' title='bbox 804 873 854 902; x_wconf 82' lang='lat'>33.</span> <span class='ocrx_word' id='word_1_132' title='bbox 881 864 1054 893; x_wconf 87' lang='lat' dir='ltr'>vincuntur</span> <span class='ocrx_word' id='word_1_133' title='bbox 1069 872 1088 892; x_wconf 89' lang='lat' dir='ltr'>a</span> <span class='ocrx_word' id='word_1_134' title='bbox 1103 862 1238 893; x_wconf 82' lang='lat' dir='ltr'>Lentulo</span> <span class='ocrx_word' id='word_1_135' title='bbox 1254 868 1285 892; x_wconf 90' lang='lat' dir='ltr'>et</span> <span class='ocrx_word' id='word_1_136' title='bbox 1301 862 1426 892; x_wconf 86' lang='lat' dir='ltr'>Manlio</span> 
     </span>
     <span class='ocr_line' id='line_1_18' title="bbox 283 905 1426 944; baseline 0.001 -10"><span class='ocrx_word' id='word_1_137' title='bbox 283 905 436 941; x_wconf 88' lang='lat' dir='ltr'>Acidino,</span> <span class='ocrx_word' id='word_1_138' title='bbox 463 916 516 944; x_wconf 80' lang='lat'>29,</span> <span class='ocrx_word' id='word_1_139' title='bbox 535 915 564 935; x_wconf 85' lang='lat'>2.</span> <span class='ocrx_word' id='word_1_140' title='bbox 583 912 610 934; x_wconf 79' lang='lat' dir='ltr'>et</span> <span class='ocrx_word' id='word_1_141' title='bbox 628 915 657 943; x_wconf 82' lang='lat'>3.</span> <span class='ocrx_word' id='word_1_142' title='bbox 682 915 700 935; x_wconf 88' lang='lat' dir='ltr'>a</span> <span class='ocrx_word' id='word_1_143' title='bbox 727 906 875 936; x_wconf 89' lang='lat' dir='ltr'>Cornelio</span> <span class='ocrx_word' id='word_1_144' title='bbox 897 907 1052 944; x_wconf 85' lang='lat' dir='ltr'>Cethego,</span> <span class='ocrx_word' id='word_1_145' title='bbox 1072 915 1124 943; x_wconf 83' lang='lat'>31,</span> <span class='ocrx_word' id='word_1_146' title='bbox 1140 915 1194 944; x_wconf 87' lang='lat'>49.</span> <span class='ocrx_word' id='word_1_147' title='bbox 1221 915 1240 935; x_wconf 86' lang='lat' dir='ltr'>a</span> <span class='ocrx_word' id='word_1_148' title='bbox 1264 905 1426 943; x_wconf 85' lang='lat' dir='ltr'>Minucio,</span> 
     </span>
     <span class='ocr_line' id='line_1_19' title="bbox 285 949 1328 988; baseline 0.002 -11"><span class='ocrx_word' id='word_1_149' title='bbox 285 957 337 986; x_wconf 86' lang='lat'>33,</span> <span class='ocrx_word' id='word_1_150' title='bbox 354 958 408 987; x_wconf 82' lang='lat'>44.</span> <span class='ocrx_word' id='word_1_151' title='bbox 433 957 450 977; x_wconf 90' lang='lat' dir='ltr'>a</span> <span class='ocrx_word' id='word_1_152' title='bbox 467 949 598 982; x_wconf 86' lang='lat' dir='ltr'>Catone,</span> <span class='ocrx_word' id='word_1_153' title='bbox 618 958 671 988; x_wconf 87' lang='lat'>34,</span> <span class='ocrx_word' id='word_1_154' title='bbox 690 957 738 987; x_wconf 85' lang='lat'>14.</span> <span class='ocrx_word' id='word_1_155' title='bbox 761 956 809 988; x_wconf 79' lang='lat'>15.</span> <span class='ocrx_word' id='word_1_156' title='bbox 824 956 851 979; x_wconf 84' lang='lat' dir='ltr'>et</span> <span class='ocrx_word' id='word_1_157' title='bbox 871 950 920 980; x_wconf 84' lang='lat'>16.</span> <span class='ocrx_word' id='word_1_158' title='bbox 944 959 963 978; x_wconf 90' lang='lat' dir='ltr'>a</span> <span class='ocrx_word' id='word_1_159' title='bbox 977 950 1030 979; x_wconf 86' lang='lat' dir='ltr'>Ti.</span> <span class='ocrx_word' id='word_1_160' title='bbox 1047 949 1208 985; x_wconf 81' lang='lat' dir='ltr'>Graccho,</span> <span class='ocrx_word' id='word_1_161' title='bbox 1224 958 1280 988; x_wconf 88' lang='lat'>41,</span> <span class='ocrx_word' id='word_1_162' title='bbox 1299 958 1328 987; x_wconf 84' lang='lat'>3.</span> 
     </span>
    </p>

    <p class='ocr_par' dir='ltr' id='par_1_12' title="bbox 241 990 1427 1074">
     <span class='ocr_line' id='line_1_20' title="bbox 241 990 1427 1030; baseline 0 -10"><span class='ocrx_word' id='word_1_163' title='bbox 241 990 375 1030; x_wconf 87' lang='lat' dir='ltr'>Hispani</span> <span class='ocrx_word' id='word_1_164' title='bbox 402 1000 484 1030; x_wconf 69' lang='lat' dir='ltr'>aegre</span> <span class='ocrx_word' id='word_1_165' title='bbox 509 992 673 1030; x_wconf 84' lang='lat' dir='ltr'>patiuntur</span> <span class='ocrx_word' id='word_1_166' title='bbox 688 991 743 1021; x_wconf 87' lang='lat' dir='ltr'>fibi</span> <span class='ocrx_word' id='word_1_167' title='bbox 769 993 898 1022; x_wconf 85' lang='lat' dir='ltr'>ademta</span> <span class='ocrx_word' id='word_1_168' title='bbox 923 1002 1025 1028; x_wconf 89' lang='lat' dir='ltr'>arma,</span> <span class='ocrx_word' id='word_1_169' title='bbox 1042 991 1203 1030; x_wconf 85' lang='lat' dir='ltr'>multique</span> <span class='ocrx_word' id='word_1_170' title='bbox 1220 992 1275 1022; x_wconf 85' lang='lat' dir='ltr'>sibi</span> <span class='ocrx_word' id='word_1_171' title='bbox 1292 990 1427 1021; x_wconf 82' lang='lat' dir='ltr'>conscis-</span> 
     </span>
     <span class='ocr_line' id='line_1_21' title="bbox 286 1040 651 1074; baseline 0.003 -11"><span class='ocrx_word' id='word_1_172' title='bbox 286 1040 366 1064; x_wconf 92' lang='lat' dir='ltr'>cunt</span> <span class='ocrx_word' id='word_1_173' title='bbox 381 1043 508 1069; x_wconf 85' lang='lat' dir='ltr'>necem,</span> <span class='ocrx_word' id='word_1_174' title='bbox 527 1044 580 1074; x_wconf 74' lang='lat'>34,</span> <span class='ocrx_word' id='word_1_175' title='bbox 602 1042 651 1071; x_wconf 85' lang='lat'>17.</span> 
     </span>
    </p>

    <p class='ocr_par' dir='ltr' id='par_1_13' title="bbox 240 1076 1427 1160">
     <span class='ocr_line' id='line_1_22' title="bbox 240 1076 1427 1116; baseline 0.001 -10"><span class='ocrx_word' id='word_1_176' title='bbox 240 1093 284 1099; x_wconf 90' lang='lat'>—-</span> <span class='ocrx_word' id='word_1_177' title='bbox 299 1084 477 1116; x_wconf 89' lang='lat' dir='ltr'>queruntur</span> <span class='ocrx_word' id='word_1_178' title='bbox 500 1077 538 1106; x_wconf 88' lang='lat' dir='ltr'>de</span> <span class='ocrx_word' id='word_1_179' title='bbox 561 1079 803 1116; x_wconf 75' lang='lat' dir='ltr'>magistratuum</span> <span class='ocrx_word' id='word_1_180' title='bbox 829 1077 1053 1108; x_wconf 87' lang='lat' dir='ltr'>Romanorum</span> <span class='ocrx_word' id='word_1_181' title='bbox 1080 1078 1221 1114; x_wconf 77' lang='lat' dir='ltr'>avaritia,</span> <span class='ocrx_word' id='word_1_182' title='bbox 1239 1083 1270 1107; x_wconf 87' lang='lat' dir='ltr'>et</span> <span class='ocrx_word' id='word_1_183' title='bbox 1297 1076 1427 1116; x_wconf 80' lang='lat' dir='ltr'>aliquo-:l</span> 
     </span>
     <span class='ocr_line' id='line_1_23' title="bbox 284 1120 909 1160; baseline 0.003 -11"><span class='ocrx_word' id='word_1_184' title='bbox 284 1121 458 1159; x_wconf 87' lang='lat' dir='ltr'>impetrant</span> <span class='ocrx_word' id='word_1_185' title='bbox 474 1130 491 1149; x_wconf 91' lang='lat' dir='ltr'>a</span> <span class='ocrx_word' id='word_1_186' title='bbox 508 1120 616 1150; x_wconf 84' lang='lat' dir='ltr'>senatu</span> <span class='ocrx_word' id='word_1_187' title='bbox 633 1121 794 1156; x_wconf 81' lang='lat' dir='ltr'>levamen,</span> <span class='ocrx_word' id='word_1_188' title='bbox 810 1130 865 1160; x_wconf 87' lang='lat'>43,</span> <span class='ocrx_word' id='word_1_189' title='bbox 881 1131 909 1151; x_wconf 87' lang='lat'>2.</span> 
     </span>
    </p>

    <p class='ocr_par' dir='ltr' id='par_1_14' title="bbox 241 1163 1034 1202">
     <span class='ocr_line' id='line_1_24' title="bbox 241 1163 1034 1202; baseline 0.001 -11"><span class='ocrx_word' id='word_1_190' title='bbox 241 1179 285 1185; x_wconf 92' lang='lat'>—</span> <span class='ocrx_word' id='word_1_191' title='bbox 298 1163 393 1202; x_wconf 89' lang='lat' dir='ltr'>primi</span> <span class='ocrx_word' id='word_1_192' title='bbox 411 1163 596 1192; x_wconf 80' lang='lat' dir='ltr'>mercenarii</span> <span class='ocrx_word' id='word_1_193' title='bbox 613 1164 696 1202; x_wconf 88' lang='lat' dir='ltr'>apud</span> <span class='ocrx_word' id='word_1_194' title='bbox 714 1163 892 1199; x_wconf 81' lang='lat' dir='ltr'>Romanos,</span> <span class='ocrx_word' id='word_1_195' title='bbox 912 1173 964 1201; x_wconf 79' lang='lat'>24,</span> <span class='ocrx_word' id='word_1_196' title='bbox 981 1172 1034 1201; x_wconf 89' lang='lat'>49.</span> 
     </span>
    </p>

    <p class='ocr_par' dir='ltr' id='par_1_15' title="bbox 241 1205 1210 1245">
     <span class='ocr_line' id='line_1_25' title="bbox 241 1205 1210 1245; baseline 0.001 -11"><span class='ocrx_word' id='word_1_197' title='bbox 241 1221 285 1228; x_wconf 89' lang='lat'>—</span> <span class='ocrx_word' id='word_1_198' title='bbox 300 1205 542 1244; x_wconf 82' lang='lat' dir='ltr'>praestantiffimi</span> <span class='ocrx_word' id='word_1_199' title='bbox 559 1205 677 1236; x_wconf 82' lang='lat' dir='ltr'>milites</span> <span class='ocrx_word' id='word_1_200' title='bbox 692 1207 850 1236; x_wconf 85' lang='lat' dir='ltr'>exercitus</span> <span class='ocrx_word' id='word_1_201' title='bbox 868 1205 1072 1242; x_wconf 81' lang='lat' dir='ltr'>HannibaliS,</span> <span class='ocrx_word' id='word_1_202' title='bbox 1091 1213 1142 1243; x_wconf 77' lang='lat'>27,</span> <span class='ocrx_word' id='word_1_203' title='bbox 1161 1215 1210 1245; x_wconf 78' lang='lat'>14.</span> 
     </span>
    </p>

    <p class='ocr_par' dir='ltr' id='par_1_16' title="bbox 243 1248 838 1289">
     <span class='ocr_line' id='line_1_26' title="bbox 243 1248 838 1289; baseline 0 -11"><span class='ocrx_word' id='word_1_204' title='bbox 243 1248 461 1287; x_wconf 82' lang='lat' dir='ltr'>Hispanorum</span> <span class='ocrx_word' id='word_1_205' title='bbox 476 1249 571 1285; x_wconf 84' lang='lat' dir='ltr'>acies,</span> <span class='ocrx_word' id='word_1_206' title='bbox 591 1259 644 1289; x_wconf 83' lang='lat'>29,</span> <span class='ocrx_word' id='word_1_207' title='bbox 663 1259 692 1287; x_wconf 81' lang='lat'>3.</span> <span class='ocrx_word' id='word_1_208' title='bbox 717 1259 771 1289; x_wconf 86' lang='lat'>39,</span> <span class='ocrx_word' id='word_1_209' title='bbox 788 1258 838 1287; x_wconf 84' lang='lat'>31·</span> 
     </span>
    </p>

    <p class='ocr_par' dir='ltr' id='par_1_17' title="bbox 242 1291 559 1329">
     <span class='ocr_line' id='line_1_27' title="bbox 242 1291 559 1329; baseline 0 -9"><span class='ocrx_word' id='word_1_210' title='bbox 242 1307 287 1313; x_wconf 90' lang='lat'>-—</span> <span class='ocrx_word' id='word_1_211' title='bbox 302 1291 438 1329; x_wconf 76' lang='lat' dir='ltr'>gladius,</span> <span class='ocrx_word' id='word_1_212' title='bbox 459 1299 488 1328; x_wconf 90' lang='lat'>7,</span> <span class='ocrx_word' id='word_1_213' title='bbox 511 1301 559 1322; x_wconf 89' lang='lat'>10.</span> 
     </span>
    </p>

    <p class='ocr_par' dir='ltr' id='par_1_18' title="bbox 244 1333 911 1374">
     <span class='ocr_line' id='line_1_28' title="bbox 244 1333 911 1374; baseline 0.004 -11"><span class='ocrx_word' id='word_1_214' title='bbox 244 1333 465 1373; x_wconf 85' lang='lat' dir='ltr'>Hispanorum</span> <span class='ocrx_word' id='word_1_215' title='bbox 483 1334 604 1364; x_wconf 82' lang='lat' dir='ltr'>obsides</span> <span class='ocrx_word' id='word_1_216' title='bbox 622 1335 769 1374; x_wconf 83' lang='lat' dir='ltr'>Sagunti,</span> <span class='ocrx_word' id='word_1_217' title='bbox 788 1345 841 1373; x_wconf 89' lang='lat'>22,</span> <span class='ocrx_word' id='word_1_218' title='bbox 860 1345 911 1366; x_wconf 91' lang='grc'>22.</span> 
     </span>
    </p>

    <p class='ocr_par' dir='ltr' id='par_1_19' title="bbox 246 1377 957 1415">
     <span class='ocr_line' id='line_1_29' title="bbox 246 1377 957 1415; baseline 0.004 -9"><span class='ocrx_word' id='word_1_219' title='bbox 246 1377 350 1406; x_wconf 84' lang='lat' dir='ltr'>Hister</span> <span class='ocrx_word' id='word_1_220' title='bbox 362 1377 470 1407; x_wconf 90' lang='lat' dir='ltr'>Tusco</span> <span class='ocrx_word' id='word_1_221' title='bbox 487 1377 582 1407; x_wconf 88' lang='lat' dir='ltr'>verbo</span> <span class='ocrx_word' id='word_1_222' title='bbox 597 1384 728 1408; x_wconf 91' lang='lat' dir='ltr'>vocatur</span> <span class='ocrx_word' id='word_1_223' title='bbox 743 1378 857 1415; x_wconf 89' lang='lat' dir='ltr'>Ludio,</span> <span class='ocrx_word' id='word_1_224' title='bbox 878 1386 908 1415; x_wconf 91' lang='lat'>7,</span> <span class='ocrx_word' id='word_1_225' title='bbox 927 1388 957 1409; x_wconf 84' lang='lat'>2.</span> 
     </span>
    </p>

    <p class='ocr_par' dir='ltr' id='par_1_20' title="bbox 245 1420 764 1460">
     <span class='ocr_line' id='line_1_30' title="bbox 245 1420 764 1460; baseline 0.006 -11"><span class='ocrx_word' id='word_1_226' title='bbox 245 1420 411 1456; x_wconf 81' lang='lat' dir='ltr'>Histiaeus,</span> <span class='ocrx_word' id='word_1_227' title='bbox 428 1420 494 1450; x_wconf 83' lang='lat' dir='ltr'>(lux</span> <span class='ocrx_word' id='word_1_228' title='bbox 510 1420 621 1456; x_wconf 89' lang='lat' dir='ltr'>Persei,</span> <span class='ocrx_word' id='word_1_229' title='bbox 637 1431 692 1460; x_wconf 83' lang='lat'>44,</span> <span class='ocrx_word' id='word_1_230' title='bbox 711 1431 764 1459; x_wconf 77' lang='grc'>32.</span> 
     </span>
    </p>

    <p class='ocr_par' dir='ltr' id='par_1_21' title="bbox 245 1462 734 1499">
     <span class='ocr_line' id='line_1_31' title="bbox 245 1462 734 1499; baseline 0.002 -7"><span class='ocrx_word' id='word_1_231' title='bbox 245 1462 392 1493; x_wconf 79' lang='lat' dir='ltr'>Historiae</span> <span class='ocrx_word' id='word_1_232' title='bbox 409 1463 540 1499; x_wconf 89' lang='lat' dir='ltr'>utilitas,</span> <span class='ocrx_word' id='word_1_233' title='bbox 556 1463 646 1494; x_wconf 79' lang='lat' dir='ltr'>Praef.</span> <span class='ocrx_word' id='word_1_234' title='bbox 664 1464 686 1493; x_wconf 89' lang='lat'>1.</span> <span class='ocrx_word' id='word_1_235' title='bbox 708 1474 734 1494; x_wconf 91' lang='lat'>1.</span> 
     </span>
    </p>

    <p class='ocr_par' dir='ltr' id='par_1_22' title="bbox 245 1506 1074 1546">
     <span class='ocr_line' id='line_1_32' title="bbox 245 1506 1074 1546; baseline -0.001 -11"><span class='ocrx_word' id='word_1_236' title='bbox 245 1506 393 1536; x_wconf 79' lang='lat' dir='ltr'>Historiae</span> <span class='ocrx_word' id='word_1_237' title='bbox 409 1507 520 1536; x_wconf 85' lang='lat' dir='ltr'>veteris</span> <span class='ocrx_word' id='word_1_238' title='bbox 537 1506 722 1542; x_wconf 85' lang='lat' dir='ltr'>obscuritas,</span> <span class='ocrx_word' id='word_1_239' title='bbox 740 1507 771 1543; x_wconf 90' lang='lat'>6,</span> <span class='ocrx_word' id='word_1_240' title='bbox 793 1517 820 1537; x_wconf 84' lang='lat' dir='ltr'>r.</span> <span class='ocrx_word' id='word_1_241' title='bbox 845 1509 876 1543; x_wconf 86' lang='lat'>8,</span> <span class='ocrx_word' id='word_1_242' title='bbox 893 1516 946 1545; x_wconf 89' lang='lat'>40.</span> <span class='ocrx_word' id='word_1_243' title='bbox 971 1517 1002 1546; x_wconf 88' lang='lat'>9,</span> <span class='ocrx_word' id='word_1_244' title='bbox 1027 1513 1074 1545; x_wconf 81' lang='lat'>15.</span> 
     </span>
    </p>

    <p class='ocr_par' dir='ltr' id='par_1_23' title="bbox 246 1547 1394 1588">
     <span class='ocr_line' id='line_1_33' title="bbox 246 1547 1394 1588; baseline 0.002 -10"><span class='ocrx_word' id='word_1_245' title='bbox 246 1549 421 1578; x_wconf 74' lang='lat' dir='ltr'>histriones</span> <span class='ocrx_word' id='word_1_246' title='bbox 438 1549 523 1578; x_wconf 90' lang='lat' dir='ltr'>unde</span> <span class='ocrx_word' id='word_1_247' title='bbox 537 1548 623 1584; x_wconf 62' lang='lat' dir='ltr'>dieti,</span> <span class='ocrx_word' id='word_1_248' title='bbox 643 1556 674 1585; x_wconf 80' lang='lat'>7,</span> <span class='ocrx_word' id='word_1_249' title='bbox 693 1560 721 1580; x_wconf 91' lang='grc'>2.</span> <span class='ocrx_word' id='word_1_250' title='bbox 748 1550 785 1579; x_wconf 85' lang='lat' dir='ltr'>iis</span> <span class='ocrx_word' id='word_1_251' title='bbox 801 1551 839 1579; x_wconf 87' lang='lat' dir='ltr'>ad</span> <span class='ocrx_word' id='word_1_252' title='bbox 857 1559 995 1579; x_wconf 87' lang='lat' dir='ltr'>manum</span> <span class='ocrx_word' id='word_1_253' title='bbox 1010 1548 1130 1578; x_wconf 84' lang='lat' dir='ltr'>cantari</span> <span class='ocrx_word' id='word_1_254' title='bbox 1148 1554 1306 1588; x_wconf 80' lang='lat' dir='ltr'>coeptum,</span> <span class='ocrx_word' id='word_1_255' title='bbox 1322 1547 1394 1580; x_wconf 67' lang='lat' dir='ltr'>ibid.</span> 
     </span>
    </p>

    <p class='ocr_par' dir='ltr' id='par_1_24' title="bbox 245 1591 853 1631">
     <span class='ocr_line' id='line_1_34' title="bbox 245 1591 853 1631; baseline -0.002 -11"><span class='ocrx_word' id='word_1_256' title='bbox 245 1591 347 1627; x_wconf 88' lang='lat' dir='ltr'>Holo,</span> <span class='ocrx_word' id='word_1_257' title='bbox 365 1591 523 1630; x_wconf 87' lang='lat' dir='ltr'>oppidum</span> <span class='ocrx_word' id='word_1_258' title='bbox 542 1591 716 1630; x_wconf 81' lang='lat' dir='ltr'>Hispaniae,</span> <span class='ocrx_word' id='word_1_259' title='bbox 734 1600 786 1631; x_wconf 82' lang='lat'>35,</span> <span class='ocrx_word' id='word_1_260' title='bbox 805 1602 853 1623; x_wconf 87' lang='lat'>22.</span> 
     </span>
    </p>

    <p class='ocr_par' dir='ltr' id='par_1_25' title="bbox 244 1633 1193 1674">
     <span class='ocr_line' id='line_1_35' title="bbox 244 1633 1193 1674; baseline 0.002 -12"><span class='ocrx_word' id='word_1_261' title='bbox 244 1633 382 1663; x_wconf 86' lang='lat' dir='ltr'>Homeri</span> <span class='ocrx_word' id='word_1_262' title='bbox 398 1634 540 1663; x_wconf 83' lang='lat' dir='ltr'>carmine</span> <span class='ocrx_word' id='word_1_263' title='bbox 555 1634 684 1664; x_wconf 83' lang='lat' dir='ltr'>Thebes</span> <span class='ocrx_word' id='word_1_264' title='bbox 697 1644 833 1674; x_wconf 84' lang='lat' dir='ltr'>campus</span> <span class='ocrx_word' id='word_1_265' title='bbox 850 1633 1049 1670; x_wconf 82' lang='lat' dir='ltr'>nobilitatus,</span> <span class='ocrx_word' id='word_1_266' title='bbox 1070 1643 1122 1672; x_wconf 78' lang='lat'>37,</span> <span class='ocrx_word' id='word_1_267' title='bbox 1144 1643 1193 1671; x_wconf 88' lang='lat'>19.</span> 
     </span>
    </p>

    <p class='ocr_par' dir='ltr' id='par_1_26' title="bbox 245 1676 788 1715">
     <span class='ocr_line' id='line_1_36' title="bbox 245 1676 788 1715; baseline 0.002 -9"><span class='ocrx_word' id='word_1_268' title='bbox 245 1676 433 1706; x_wconf 89' lang='lat' dir='ltr'>Hominum</span> <span class='ocrx_word' id='word_1_269' title='bbox 451 1676 647 1713; x_wconf 83' lang='lat' dir='ltr'>immolatio,</span> <span class='ocrx_word' id='word_1_270' title='bbox 666 1687 718 1713; x_wconf 81' lang='grc'>22,</span> <span class='ocrx_word' id='word_1_271' title='bbox 736 1684 788 1715; x_wconf 83' lang='grc'>57.</span> 
     </span>
    </p>

    <p class='ocr_par' dir='ltr' id='par_1_27' title="bbox 246 1719 1257 1760">
     <span class='ocr_line' id='line_1_37' title="bbox 246 1719 1257 1760; baseline 0.001 -12"><span class='ocrx_word' id='word_1_272' title='bbox 246 1719 455 1755; x_wconf 89' lang='lat' dir='ltr'>Homolium‚</span> <span class='ocrx_word' id='word_1_273' title='bbox 471 1720 630 1758; x_wconf 89' lang='lat' dir='ltr'>oppidum</span> <span class='ocrx_word' id='word_1_274' title='bbox 645 1719 813 1750; x_wconf 75' lang='lat' dir='ltr'>Thessaliae</span> <span class='ocrx_word' id='word_1_275' title='bbox 827 1726 882 1750; x_wconf 88' lang='lat' dir='ltr'>aut</span> <span class='ocrx_word' id='word_1_276' title='bbox 899 1719 1114 1756; x_wconf 81' lang='lat' dir='ltr'>Macedoniae,</span> <span class='ocrx_word' id='word_1_277' title='bbox 1131 1730 1186 1760; x_wconf 83' lang='lat'>42,</span> <span class='ocrx_word' id='word_1_278' title='bbox 1206 1721 1257 1758; x_wconf 87' lang='lat'>38.</span> 
     </span>
    </p>

    <p class='ocr_par' dir='ltr' id='par_1_28' title="bbox 245 1761 832 1803">
     <span class='ocr_line' id='line_1_38' title="bbox 245 1761 832 1803; baseline 0.003 -11"><span class='ocrx_word' id='word_1_279' title='bbox 245 1761 389 1792; x_wconf 85' lang='lat' dir='ltr'>Honoris</span> <span class='ocrx_word' id='word_1_280' title='bbox 404 1768 435 1791; x_wconf 85' lang='lat' dir='ltr'>et</span> <span class='ocrx_word' id='word_1_281' title='bbox 448 1762 580 1792; x_wconf 83' lang='lat' dir='ltr'>Virtutis</span> <span class='ocrx_word' id='word_1_282' title='bbox 593 1763 690 1800; x_wconf 82' lang='lat' dir='ltr'>aedes,</span> <span class='ocrx_word' id='word_1_283' title='bbox 709 1772 761 1800; x_wconf 84' lang='lat'>27,</span> <span class='ocrx_word' id='word_1_284' title='bbox 780 1770 832 1803; x_wconf 83' lang='grc'>25.</span> 
     </span>
    </p>

    <p class='ocr_par' dir='ltr' id='par_1_29' title="bbox 246 1804 658 1842">
     <span class='ocr_line' id='line_1_39' title="bbox 246 1804 658 1842; baseline 0.007 -8"><span class='ocrx_word' id='word_1_285' title='bbox 246 1804 412 1841; x_wconf 89' lang='lat' dir='ltr'>Honosca,</span> <span class='ocrx_word' id='word_1_286' title='bbox 429 1805 514 1841; x_wconf 85' lang='lat' dir='ltr'>urbs,</span> <span class='ocrx_word' id='word_1_287' title='bbox 533 1815 586 1842; x_wconf 88' lang='lat'>22,</span> <span class='ocrx_word' id='word_1_288' title='bbox 605 1815 658 1837; x_wconf 84' lang='lat'>20.</span> 
     </span>
    </p>

    <p class='ocr_par' dir='ltr' id='par_1_30' title="bbox 246 1847 983 1889">
     <span class='ocr_line' id='line_1_40' title="bbox 246 1847 983 1889; baseline 0.004 -13"><span class='ocrx_word' id='word_1_289' title='bbox 246 1847 424 1883; x_wconf 85' lang='lat' dir='ltr'>Honunus,</span> <span class='ocrx_word' id='word_1_290' title='bbox 441 1848 666 1878; x_wconf 85' lang='lat' dir='ltr'>Dardanorum</span> <span class='ocrx_word' id='word_1_291' title='bbox 683 1849 842 1888; x_wconf 87' lang='lat' dir='ltr'>princeps,</span> <span class='ocrx_word' id='word_1_292' title='bbox 860 1858 915 1889; x_wconf 89' lang='lat'>44,</span> <span class='ocrx_word' id='word_1_293' title='bbox 933 1858 983 1887; x_wconf 85' lang='lat'>30.</span> 
     </span>
    </p>

    <p class='ocr_par' dir='ltr' id='par_1_31' title="bbox 246 1889 772 1928">
     <span class='ocr_line' id='line_1_41' title="bbox 246 1889 772 1928; baseline 0.008 -10"><span class='ocrx_word' id='word_1_294' title='bbox 246 1889 382 1919; x_wconf 89' lang='lat' dir='ltr'>Horatia</span> <span class='ocrx_word' id='word_1_295' title='bbox 398 1899 416 1919; x_wconf 83' lang='lat' dir='ltr'>a</span> <span class='ocrx_word' id='word_1_296' title='bbox 431 1891 522 1920; x_wconf 88' lang='lat' dir='ltr'>fratre</span> <span class='ocrx_word' id='word_1_297' title='bbox 538 1892 654 1928; x_wconf 86' lang='lat' dir='ltr'>occisa,</span> <span class='ocrx_word' id='word_1_298' title='bbox 675 1900 704 1928; x_wconf 87' lang='lat'>1,</span> <span class='ocrx_word' id='word_1_299' title='bbox 722 1893 772 1922; x_wconf 89' lang='lat'>26.</span> 
     </span>
    </p>

    <p class='ocr_par' dir='ltr' id='par_1_32' title="bbox 246 1931 580 1969">
     <span class='ocr_line' id='line_1_42' title="bbox 246 1931 580 1969; baseline 0.006 -8"><span class='ocrx_word' id='word_1_300' title='bbox 246 1931 371 1962; x_wconf 87' lang='lat' dir='ltr'>Horatii</span> <span class='ocrx_word' id='word_1_301' title='bbox 386 1932 464 1969; x_wconf 82' lang='lat' dir='ltr'>Pila,</span> <span class='ocrx_word' id='word_1_302' title='bbox 487 1943 515 1968; x_wconf 84' lang='lat'>1,</span> <span class='ocrx_word' id='word_1_303' title='bbox 529 1935 580 1963; x_wconf 86' lang='lat'>26.</span> 
     </span>
    </p>

    <p class='ocr_par' dir='ltr' id='par_1_33' title="bbox 247 1975 1428 2058">
     <span class='ocr_line' id='line_1_43' title="bbox 247 1975 1428 2016; baseline 0.001 -12"><span class='ocrx_word' id='word_1_304' title='bbox 247 1975 456 2006; x_wconf 88' lang='lat' dir='ltr'>Horatiorum</span> <span class='ocrx_word' id='word_1_305' title='bbox 475 1982 505 2004; x_wconf 86' lang='lat' dir='ltr'>et</span> <span class='ocrx_word' id='word_1_306' title='bbox 523 1976 752 2014; x_wconf 89' lang='lat' dir='ltr'>Curiatiorum,</span> <span class='ocrx_word' id='word_1_307' title='bbox 774 1977 1018 2016; x_wconf 90' lang='lat' dir='ltr'>trigeminorum</span> <span class='ocrx_word' id='word_1_308' title='bbox 1038 1976 1184 2011; x_wconf 81' lang='lat' dir='ltr'>fratrum,</span> <span class='ocrx_word' id='word_1_309' title='bbox 1203 1982 1377 2012; x_wconf 87' lang='lat' dir='ltr'>certarnen,</span> <span class='ocrx_word' id='word_1_310' title='bbox 1400 1986 1428 2012; x_wconf 86' lang='lat'>1,</span> 
     </span>
     <span class='ocr_line' id='line_1_44' title="bbox 292 2019 1197 2058; baseline -0.001 -9"><span class='ocrx_word' id='word_1_311' title='bbox 292 2029 344 2057; x_wconf 79' lang='lat'>24.</span> <span class='ocrx_word' id='word_1_312' title='bbox 359 2025 387 2047; x_wconf 80' lang='lat' dir='ltr'>et</span> <span class='ocrx_word' id='word_1_313' title='bbox 402 2025 453 2057; x_wconf 81' lang='lat'>25.</span> <span class='ocrx_word' id='word_1_314' title='bbox 478 2019 619 2058; x_wconf 83' lang='lat' dir='ltr'>sepulcra</span> <span class='ocrx_word' id='word_1_315' title='bbox 635 2019 844 2049; x_wconf 81' lang='lat' dir='ltr'>Horatiorum</span> <span class='ocrx_word' id='word_1_316' title='bbox 860 2019 1132 2055; x_wconf 82' lang='lat' dir='ltr'>etCuriatiorum,</span> <span class='ocrx_word' id='word_1_317' title='bbox 1147 2025 1197 2058; x_wconf 85' lang='lat'>25.</span> 
     </span>
    </p>

    <p class='ocr_par' dir='ltr' id='par_1_34' title="bbox 247 2060 1432 2183">
     <span class='ocr_line' id='line_1_45' title="bbox 247 2060 1432 2101; baseline -0.001 -10"><span class='ocrx_word' id='word_1_318' title='bbox 247 2060 402 2091; x_wconf 80' lang='lat' dir='ltr'>Horatius</span> <span class='ocrx_word' id='word_1_319' title='bbox 415 2060 512 2091; x_wconf 67' lang='lat' dir='ltr'>vietor</span> <span class='ocrx_word' id='word_1_320' title='bbox 525 2062 661 2092; x_wconf 88' lang='lat' dir='ltr'>sororem</span> <span class='ocrx_word' id='word_1_321' title='bbox 679 2062 768 2092; x_wconf 89' lang='lat' dir='ltr'>suam</span> <span class='ocrx_word' id='word_1_322' title='bbox 785 2062 891 2100; x_wconf 85' lang='lat' dir='ltr'>gladio</span> <span class='ocrx_word' id='word_1_323' title='bbox 907 2061 1076 2101; x_wconf 87' lang='lat' dir='ltr'>transfigit,</span> <span class='ocrx_word' id='word_1_324' title='bbox 1098 2071 1126 2097; x_wconf 91' lang='lat'>1,</span> <span class='ocrx_word' id='word_1_325' title='bbox 1146 2062 1196 2091; x_wconf 84' lang='lat'>26.</span> <span class='ocrx_word' id='word_1_326' title='bbox 1221 2061 1254 2091; x_wconf 90' lang='lat' dir='ltr'>in</span> <span class='ocrx_word' id='word_1_327' title='bbox 1268 2060 1320 2099; x_wconf 86' lang='lat' dir='ltr'>jus</span> <span class='ocrx_word' id='word_1_328' title='bbox 1336 2070 1432 2091; x_wconf 81' lang='lat' dir='ltr'>voca-</span> 
     </span>
     <span class='ocr_line' id='line_1_46' title="bbox 290 2104 1432 2144; baseline 0.001 -11"><span class='ocrx_word' id='word_1_329' title='bbox 290 2110 343 2133; x_wconf 89' lang='lat' dir='ltr'>tur</span> <span class='ocrx_word' id='word_1_330' title='bbox 357 2104 396 2133; x_wconf 92' lang='lat' dir='ltr'>ad</span> <span class='ocrx_word' id='word_1_331' title='bbox 418 2114 537 2142; x_wconf 79' lang='lat' dir='ltr'>regem,</span> <span class='ocrx_word' id='word_1_332' title='bbox 554 2104 625 2135; x_wconf 83' lang='lat' dir='ltr'>ibid.</span> <span class='ocrx_word' id='word_1_333' title='bbox 650 2111 801 2144; x_wconf 89' lang='lat' dir='ltr'>provocat</span> <span class='ocrx_word' id='word_1_334' title='bbox 823 2105 862 2134; x_wconf 89' lang='lat' dir='ltr'>ad</span> <span class='ocrx_word' id='word_1_335' title='bbox 885 2104 1043 2144; x_wconf 90' lang='lat' dir='ltr'>populum</span> <span class='ocrx_word' id='word_1_336' title='bbox 1060 2104 1260 2142; x_wconf 86' lang='lat' dir='ltr'>Romanum,</span> <span class='ocrx_word' id='word_1_337' title='bbox 1280 2112 1311 2134; x_wconf 88' lang='lat' dir='ltr'>et</span> <span class='ocrx_word' id='word_1_338' title='bbox 1330 2105 1432 2135; x_wconf 87' lang='lat' dir='ltr'>absol-</span> 
     </span>
     <span class='ocr_line' id='line_1_47' title="bbox 289 2146 471 2183; baseline 0 -7"><span class='ocrx_word' id='word_1_339' title='bbox 289 2147 386 2183; x_wconf 85' lang='lat' dir='ltr'>vitur,</span> <span class='ocrx_word' id='word_1_340' title='bbox 400 2146 471 2176; x_wconf 86' lang='lat' dir='ltr'>ibid.</span> 
     </span>
    </p>

    <p class='ocr_par' dir='ltr' id='par_1_35' title="bbox 246 2188 1434 2354">
     <span class='ocr_line' id='line_1_48' title="bbox 246 2188 1434 2229; baseline 0 -9"><span class='ocrx_word' id='word_1_341' title='bbox 246 2188 401 2220; x_wconf 84' lang='lat' dir='ltr'>Horatius</span> <span class='ocrx_word' id='word_1_342' title='bbox 417 2189 528 2219; x_wconf 84' lang='lat' dir='ltr'>Coeles</span> <span class='ocrx_word' id='word_1_343' title='bbox 544 2189 664 2228; x_wconf 86' lang='lat' dir='ltr'>excipit</span> <span class='ocrx_word' id='word_1_344' title='bbox 681 2190 841 2229; x_wconf 87' lang='lat' dir='ltr'>impetum</span> <span class='ocrx_word' id='word_1_345' title='bbox 865 2190 1006 2220; x_wconf 86' lang='lat' dir='ltr'>hostium</span> <span class='ocrx_word' id='word_1_346' title='bbox 1024 2190 1056 2218; x_wconf 91' lang='lat' dir='ltr'>in</span> <span class='ocrx_word' id='word_1_347' title='bbox 1080 2190 1184 2228; x_wconf 91' lang='lat' dir='ltr'>primo</span> <span class='ocrx_word' id='word_1_348' title='bbox 1200 2189 1287 2220; x_wconf 91' lang='lat' dir='ltr'>aditu</span> <span class='ocrx_word' id='word_1_349' title='bbox 1309 2190 1434 2229; x_wconf 73' lang='lat' dir='ltr'>pontis,</span> 
     </span>
     <span class='ocr_line' id='line_1_49' title="bbox 291 2232 1430 2272; baseline 0 -9"><span class='ocrx_word' id='word_1_350' title='bbox 291 2243 322 2268; x_wconf 91' lang='lat'>2,</span> <span class='ocrx_word' id='word_1_351' title='bbox 343 2242 393 2262; x_wconf 89' lang='lat'>10.</span> <span class='ocrx_word' id='word_1_352' title='bbox 416 2239 557 2263; x_wconf 79' lang='lat' dir='ltr'>armatus</span> <span class='ocrx_word' id='word_1_353' title='bbox 573 2232 606 2262; x_wconf 87' lang='lat' dir='ltr'>in</span> <span class='ocrx_word' id='word_1_354' title='bbox 620 2232 766 2262; x_wconf 86' lang='lat' dir='ltr'>Tiberim</span> <span class='ocrx_word' id='word_1_355' title='bbox 789 2232 902 2270; x_wconf 79' lang='lat' dir='ltr'>desilit,</span> <span class='ocrx_word' id='word_1_356' title='bbox 919 2232 993 2263; x_wconf 85' lang='lat' dir='ltr'>ibid.</span> <span class='ocrx_word' id='word_1_357' title='bbox 1010 2233 1038 2263; x_wconf 91' lang='lat' dir='ltr'>ei</span> <span class='ocrx_word' id='word_1_358' title='bbox 1054 2233 1155 2263; x_wconf 82' lang='lat' dir='ltr'>statua</span> <span class='ocrx_word' id='word_1_359' title='bbox 1171 2233 1204 2263; x_wconf 88' lang='lat' dir='ltr'>in</span> <span class='ocrx_word' id='word_1_360' title='bbox 1221 2233 1355 2263; x_wconf 88' lang='lat' dir='ltr'>comitio</span> <span class='ocrx_word' id='word_1_361' title='bbox 1372 2243 1430 2272; x_wconf 87' lang='lat' dir='ltr'>po-</span> 
     </span>
     <span class='ocr_line' id='line_1_50' title="bbox 289 2275 1430 2315; baseline 0.002 -11"><span class='ocrx_word' id='word_1_362' title='bbox 289 2275 358 2310; x_wconf 83' lang='lat' dir='ltr'>fita,</span> <span class='ocrx_word' id='word_1_363' title='bbox 382 2275 455 2307; x_wconf 73' lang='lat' dir='ltr'>ibid.</span> <span class='ocrx_word' id='word_1_364' title='bbox 478 2282 606 2307; x_wconf 88' lang='lat' dir='ltr'>tantum</span> <span class='ocrx_word' id='word_1_365' title='bbox 632 2276 696 2315; x_wconf 86' lang='lat' dir='ltr'>agri</span> <span class='ocrx_word' id='word_1_366' title='bbox 718 2276 745 2306; x_wconf 91' lang='lat' dir='ltr'>ei</span> <span class='ocrx_word' id='word_1_367' title='bbox 761 2276 888 2314; x_wconf 90' lang='lat' dir='ltr'>datum,</span> <span class='ocrx_word' id='word_1_368' title='bbox 905 2282 1064 2315; x_wconf 84' lang='lat' dir='ltr'>quantum</span> <span class='ocrx_word' id='word_1_369' title='bbox 1087 2285 1154 2306; x_wconf 87' lang='lat' dir='ltr'>uno</span> <span class='ocrx_word' id='word_1_370' title='bbox 1170 2276 1221 2307; x_wconf 86' lang='lat' dir='ltr'>die</span> <span class='ocrx_word' id='word_1_371' title='bbox 1236 2277 1430 2307; x_wconf 57' lang='lat' dir='ltr'>circumarae</span> 
     </span>
     <span class='ocr_line' id='line_1_51' title="bbox 291 2318 440 2354; baseline 0.013 -8"><span class='ocrx_word' id='word_1_372' title='bbox 291 2318 350 2354; x_wconf 90' lang='lat' dir='ltr'>vit,</span> <span class='ocrx_word' id='word_1_373' title='bbox 368 2318 440 2348; x_wconf 83' lang='lat' dir='ltr'>ibid.</span> 
     </span>
    </p>

    <p class='ocr_par' dir='ltr' id='par_1_36' title="bbox 248 2360 1321 2404">
     <span class='ocr_line' id='line_1_52' title="bbox 248 2360 1321 2404; baseline 0.001 -13"><span class='ocrx_word' id='word_1_374' title='bbox 248 2361 285 2393; x_wconf 91' lang='lat' dir='ltr'>C.</span> <span class='ocrx_word' id='word_1_375' title='bbox 302 2360 466 2401; x_wconf 85' lang='lat' dir='ltr'>Horatius,</span> <span class='ocrx_word' id='word_1_376' title='bbox 482 2361 606 2402; x_wconf 88' lang='lat' dir='ltr'>consul,</span> <span class='ocrx_word' id='word_1_377' title='bbox 623 2371 716 2404; x_wconf 86' lang='lat' dir='ltr'>aequo</span> <span class='ocrx_word' id='word_1_378' title='bbox 732 2368 833 2396; x_wconf 83' lang='lat' dir='ltr'>marte</span> <span class='ocrx_word' id='word_1_379' title='bbox 849 2371 926 2395; x_wconf 90' lang='lat' dir='ltr'>cum</span> <span class='ocrx_word' id='word_1_380' title='bbox 939 2362 1052 2395; x_wconf 80' lang='lat' dir='ltr'>Tuscis</span> <span class='ocrx_word' id='word_1_381' title='bbox 1067 2368 1201 2403; x_wconf 81' lang='lat' dir='ltr'>pugnat,</span> <span class='ocrx_word' id='word_1_382' title='bbox 1219 2372 1250 2402; x_wconf 82' lang='lat'>2,</span> <span class='ocrx_word' id='word_1_383' title='bbox 1269 2369 1321 2403; x_wconf 84' lang='lat'>51.</span> 
     </span>
    </p>
   </div>
  </div>
 </body>
</html>
