1572 2616
209 191 290 248 196
551 206 718 237 1NDEx
755 207 810 236 IN
846 208 892 236 T.
918 208 1053 238 mvn

203 284 260 358 Slp.
275 285 457 316 Postumius
473 284 590 325 Albus,
604 287 750 318 tribunus
773 287 917 319 militum
938 287 1097 319 consulari
1111 290 1277 329 potestate,
1293 299 1328 331 4,
1346 299 1397 332 25.

203 335 470 412 ὃὲἕέἓίξῖπῗιῗιὶιε,
487 373 635 403 tribunus
650 372 794 404 militum
811 374 965 405 consulari
981 376 1144 415 potestate,
1163 385 1194 417 5,
1209 377 1261 408 26.
1284 376 1324 407 ab
1341 377 1400 408 AE-

246 416 318 455 quis
332 417 435 455 primo
453 415 574 456 pulsus,
591 426 671 446 mox
685 417 812 447 eosdem
829 418 939 453 vincit,
957 419 1009 450 28.

200 457 257 499 Sp.
274 459 456 490 Postumius
471 459 581 490 consul
598 466 733 496 creatur,
752 462 783 498 8,
804 463 852 492 16.
868 462 989 500 censor,
1009 469 1058 500 17.
1076 463 1222 502 magister
1237 463 1398 501 equitum,

245 511 299 540 23.
323 503 439 533 iterum
456 509 581 534 creatur
595 503 718 539 consul,
738 515 769 544 9,
791 514 817 535 ι.
834 505 1019 544 subjugum
1036 507 1186 542 mittitur,
1201 508 1229 536 6.
1247 506 1314 543 ejus
1329 516 1413 539 ora-c

244 546 290 575 tio
306 552 337 575 et
360 547 571 585 magnanima
587 547 754 585 sententia,
769 548 800 579 8.
823 558 878 587 per
892 549 1020 579 feciales
1044 549 1244 580 Samnitibus
1261 550 1398 587 deditus,

244 598 311 619 non
326 590 493 629 accipitur,
514 599 564 620 10.

200 631 256 672 Sp.
274 632 454 663 Postumius
470 633 610 664 Albinus
633 639 757 663 creatur
778 640 904 673 praetor,
923 643 976 673 37,
992 643 1043 674 47.
1068 635 1193 665 sortitur
1206 634 1398 673 jurisdiaio-

243 685 320 706 nem
342 676 512 713 urbanam,
529 684 559 706 et
583 677 665 706 inter
688 677 879 716 peregrinos,
898 686 949 717 50.
973 678 1097 716 consul,
1116 687 1169 716 39,
1187 679 1217 708 6.
1241 679 1269 708 ei
1293 679 1399 709 AEbu-

241 718 306 749 tius
329 719 428 758 aperit
450 719 583 758 flagitia,
597 729 670 759 quae
694 721 728 749 in
745 720 1004 751 Bacchanalibus
1019 728 1231 760 patrarentur,
1254 732 1302 751 11.
1328 732 1397 753 rem

241 762 284 792 ad
298 763 445 793 senatum
462 763 572 799 defert,
594 772 643 801 14.
665 762 734 800 ejus
749 764 849 793 oratio
865 764 957 804 super
972 774 1010 794 ea
1032 774 1064 794 re
1087 765 1127 794 ad
1150 764 1325 805 populum,
1345 772 1396 806 15.

205 841 211 845 ⁷
241 811 274 835 et
294 807 342 836 16.
366 815 468 845 augur
484 807 633 842 moritur,
649 815 705 845 40,
723 816 776 844 42.

198 847 254 889 Sp.
270 848 451 879 Postumius
466 849 604 879 Albinus
621 856 744 879 creatur
760 856 885 889 praet0r‚
902 856 933 880 et
949 850 1077 880 sortitur
1091 850 1250 889 Siciliam,
1268 860 1322 892 39,
1339 857 1395 892 45.

241 891 365 928 consul,
381 902 437 932 41,
454 893 506 923 26.

198 934 255 974 Sp.
271 935 451 965 Postumius
468 935 654 975 Regillenfis
668 935 779 965 censor
794 942 932 973 creatur,
946 937 978 973 6,
994 944 1046 974 27.

195 977 355 1015 Potentia,
372 979 406 1008 in
422 979 538 1008 Piceno
551 988 639 1017 agro,
657 978 798 1015 colonia,
817 988 870 1019 39,
886 989 941 1019 44.

194 1020 366 1058 Pothinus,
383 1021 492 1052 aufflor
507 1022 650 1061 Pompeii
666 1022 861 1059 trucidandi,
880 1023 965 1062 Epit.
985 1031 1056 1052 110.

194 1063 374 1102 Potidania,
390 1066 464 1094 urbs
482 1064 680 1101 AEmIorurn,
696 1067 749 1101 28,
769 1067 798 1095 8.

194 1107 315 1145 Potitii,
332 1108 372 1138 ab
396 1108 544 1138 Evandro
566 1108 681 1145 edocti,
700 1108 832 1137 ministri
850 1108 1010 1138 sacrorum
1036 1107 1184 1138 Herculis
1200 1117 1254 1147 per
1276 1107 1396 1139 multas

238 1157 349 1181 aetates
371 1152 470 1188 fuere,
489 1161 519 1188 1,
539 1160 566 1188 7.
591 1151 692 1182 servos
716 1151 862 1191 publicos
887 1151 1053 1181 sollemnia
1076 1152 1194 1181 horum
1221 1151 1393 1188 sacrorum,

237 1194 366 1224 auctore
390 1196 451 1233 Ap.
468 1194 604 1224 Claudio
627 1195 767 1230 censore,
793 1195 941 1231 edocent,
959 1205 990 1234 9,
1009 1203 1061 1233 29.
1084 1194 1258 1224 duodecim
1280 1203 1394 1224 eorum

238 1237 370 1268 familiae
386 1238 468 1267 intra
483 1247 608 1267 annum
621 1237 797 1274 exstinstae,
815 1237 886 1267 ibid.

194 1281 332 1318 Potitus,
348 1280 414 1311 vid.
431 1280 586 1311 Valerius.

195 1322 304 1356 Praeeo
330 1324 369 1353 ad
396 1324 565 1353 tribunum
594 1323 743 1353 Celerum
773 1324 909 1353 Brutum
939 1322 1100 1362 populum
1128 1321 1277 1359 advocat,
1299 1332 1328 1359 1,
1343 1330 1395 1362 59.

237 1368 348 1398 Praeco
363 1368 469 1398 Patres
484 1367 517 1396 in
540 1368 664 1397 curiam
681 1367 720 1396 ad
736 1366 934 1396 decemviros
952 1372 1057 1402 vocat,
1077 1376 1111 1404 3,
1129 1365 1179 1403 38.
1204 1366 1237 1394 in
1254 1365 1394 1396 concilio

238 1411 450 1447 Achaeorum,
466 1420 521 1450 per
536 1411 735 1445 Praeconem,
753 1410 917 1446 suadendi,
933 1409 954 1439 fi
969 1410 1041 1448 quis
1058 1408 1160 1441 vellet,
1174 1409 1308 1447 potestas
1326 1408 1362 1438 fit
1379 1417 1398 1438 a

239 1454 489 1493 magistratibus,
507 1463 562 1492 32,
581 1463 633 1484 20.
657 1454 689 1483 in
707 1453 913 1483 Isthmiorum
939 1452 1063 1483 ludicro
1087 1452 1193 1482 Praeco
1210 1452 1343 1482 Graeciae
1359 1451 1398 1482 li-

237 1497 397 1527 bertatem
414 1496 609 1536 promulgat,
628 1505 681 1535 33,
701 1506 752 1534 32.

196 1541 365 1572 Praecones
381 1550 435 1580 per
450 1541 538 1569 vicos
555 1539 671 1569 dimiffi
688 1540 728 1569 ad
743 1539 938 1569 concionem
954 1537 1190 1575 advocandam,
1207 1546 1240 1576 4,
1258 1546 1310 1576 32.

195 1584 305 1615 Praeda
321 1584 353 1613 in
377 1593 496 1622 campo
512 1583 630 1613 Martio
653 1581 810 1622 exposita,
827 1588 864 1612 ut
886 1581 941 1611 sua
957 1581 1089 1619 quisque
1112 1581 1242 1619 cognita
1258 1580 1395 1611 abduce-

240 1634 299 1663 ret,
342 1648 351 1662 ‚
372 1636 420 1656 10.

197 1686 242 1695 —
257 1670 296 1699 de
312 1637 428 1707 {Equis
445 1674 551 1708 capta,
570 1673 695 1707 propter
711 1667 812 1697 aerarii
828 1666 973 1705 inopiam
990 1666 1153 1703 venditur,
1171 1675 1202 1704 3,
1221 1675 1273 1704 31.

198 1729 243 1737 —-
258 1713 298 1743 ad
313 1713 484 1751 quaestores
502 1711 640 1747 reda6m,
659 1719 691 1750 5,
712 1711 763 1740 26.
788 1711 841 1746 26,
857 1716 911 1749 47.

198 1773 242 1781 —
258 1755 354 1786 militi
371 1754 528 1792 conceffa,
548 1755 579 1790 6,
600 1763 648 1792 13.
675 1762 706 1790 7,
728 1756 776 1784 16.
797 1762 851 1792 24.
873 1760 924 1789 27.
942 1758 972 1781 et
991 1759 1041 1790 37.
1060 1752 1092 1787 8,
1110 1752 1161 1790 36.
1178 1762 1210 1791 9,
1228 1762 1279 1791 23.
1295 1757 1326 1782 et
1343 1761 1395 1790 31.

246 1809 298 1836 10,
313 1808 366 1839 45.
391 1808 444 1837 23,
466 1805 514 1838 ¹5·
539 1804 569 1826 et
587 1805 638 1836 37.
664 1807 717 1835 24,
738 1797 786 1826 16.
811 1802 841 1825 et
856 1804 910 1835 40.
936 1803 989 1832 27,
1007 1805 1034 1824 1.
1062 1803 1112 1833 30,
1133 1801 1161 1831 7.
1187 1804 1240 1834 31,
1266 1802 1316 1832 27.
1339 1804 1395 1833 41,

245 1851 296 1885 15.
318 1850 374 1882 45,
393 1851 444 1880 34.
472 1840 567 1870 militi
581 1841 668 1877 data,
684 1845 821 1878 excepto
837 1848 916 1868 auro
931 1844 962 1867 et
977 1844 1121 1877 argento,
1139 1847 1172 1876 9,
1187 1845 1240 1876 37.
1253 1839 1396 1877 exceptis

240 1885 348 1915 liberis
371 1884 566 1923 corporibus,
588 1892 638 1920 10,
659 1892 710 1921 31.
734 1883 772 1912 ad
796 1882 940 1913 Praedam
956 1881 1170 1911 Veientanam
1193 1880 1331 1921 populus
1353 1890 1396 1911 ex

242 1929 323 1958 urbe
340 1929 374 1957 in
391 1928 488 1957 castra
504 1927 627 1964 miffus,
646 1934 677 1966 5,
696 1935 747 1956 20.

198 1988 243 1995 -—
259 1970 454 2011 iniquiffima
478 1970 556 2001 sorte
578 1969 614 1999 fit
639 1978 766 2007 eorum,
782 1968 838 2008 qui
865 1976 983 2008 pugnae
1007 1976 1074 1997 non
1100 1966 1322 2003 interfuerunt,
1341 1966 1396 2004 38,

245 2024 263 2046 2
290 2037 297 2044 .

200 2074 244 2082 ——
259 2024 473 2088 litlaeedonica
488 2055 630 2085 Romam
645 2054 786 2091 devecta,
804 2061 858 2094 45,
877 2063 892 2092 3
900 2063 930 2091 3.

200 2101 319 2132 Praedae
342 2100 529 2131 Veientanae
551 2098 677 2128 decima
699 2096 842 2137 Apollini
865 2097 951 2132 data,
969 2101 1000 2135 5,
1019 2103 1071 2132 23.
1094 2093 1260 2133 quomodo
1282 2092 1397 2131 soluta,

248 2155 265 2175 2
292 2167 299 2173 .

200 2203 247 2211 —-
261 2152 411 2217 a⁵viditate
427 2184 538 2214 amiffa
552 2182 675 2214 occafio
691 2183 734 2213 rei
749 2182 832 2212 bene
847 2180 1005 2222 gerendae,
1023 2189 1058 2210 21
1069 2200 1078 2215 ,
1093 2179 1147 2219 48.

202 2230 349 2261 Praedam
365 2227 501 2258 vendere
517 2227 642 2266 cogitur
664 2226 770 2263 miles,
790 2234 842 2262 10,
862 2232 912 2261 17.
936 2230 967 2254 et
984 2233 1033 2254 20.
1058 2222 1167 2253 vendit
1190 2223 1341 2262 quaestor,
1363 2228 1394 2252 et

248 2273 421 2311 pecuniam
435 2270 545 2300 dividit
561 2270 643 2299 inter
658 2268 789 2305 milites,
809 2276 862 2308 35,
884 2277 911 2297 1.

204 2315 313 2349 Praeda
328 2314 503 2354 partienda,
519 2320 550 2343 et
566 2312 721 2352 stipendio
736 2320 813 2341 cum
829 2310 892 2341 fide
905 2308 1111 2346 exsolvendo,
1122 2307 1241 2339 milites
1256 2307 1312 2338 fibi
1329 2316 1397 2338 ma-

247 2358 337 2388 xime
353 2356 503 2386 conciliat
518 2354 674 2391 Annibal,
694 2364 746 2392 21,
763 2363 794 2393 5.

204 2412 246 2433 ex
258 2400 365 2432 Praeda
381 2399 537 2431 militibus
552 2398 626 2430 data
640 2397 787 2439 praemia,
807 2405 859 2435 10,
879 2405 931 2436 30.
955 2401 983 2426 et
990 2393 1096 2435 pqffim
1112 2393 1143 2423 in
1158 2392 1322 2434 triumphis.

1496 2302 1507 2332 l
