1572 2616
425 206 802 237 HISTORIARUM
838 206 1042 237 LIBROS.
1252 208 1328 251 193

177 294 245 319 tam
261 288 439 325 civitatem,
457 287 556 328 capit,
569 287 641 318 ibid.
654 286 722 326 ejus
739 286 904 328 vigilantia
919 293 951 318 et
966 286 1171 326 parsimonia,
1193 287 1243 318 18.
1260 297 1333 327 pro-

178 332 329 363 ficiscitur
351 333 385 362 in
406 332 652 368 Turdetaniam,
673 341 721 372 19.
747 331 893 361 sollicitat
913 330 1101 366 Celtiberos,
1118 330 1240 368 frustra,
1259 331 1333 363 ibid.

178 376 349 414 regreditur
364 384 441 405 cum
457 375 578 415 septem
601 374 788 405 cohortibus
810 375 850 404 ad
873 375 1016 411 Iberum,
1032 373 1104 404 ibid.
1122 373 1162 403 ad
1184 383 1261 404 eum
1278 374 1333 404 de-

179 418 294 448 ficiunt
310 418 471 454 Sedetani,
487 418 653 455 Ausetani,
676 424 709 448 et
731 417 920 454 Suessetani,
945 427 996 449 20.
1019 423 1185 457 oppugnat
1200 417 1332 449 Laceta—

179 471 296 492 norum
312 462 485 501 oppidum,
499 461 586 501 quod
602 461 702 501 capit,
719 460 791 492 ibid.
808 461 1001 501 triumphat,
1015 462 1070 501 46.

218 504 390 535 aedieulam
406 504 554 535 vietoriae
569 504 708 544 Virginis
723 504 862 542 dedicat,
881 512 982 545 359.

218 547 343 587 legatus
365 547 552 585 consularis,
576 548 629 586 36,
650 555 698 586 17.
722 548 762 578 ad
785 547 1022 588 Thermopylas
1039 547 1158 596 jugum
1180 546 1332 579 insessum

179 590 220 621 ab
236 591 355 622 AEtolis
370 598 522 632 occupat,
543 592 593 622 18.
617 580 759 622 nuncius
774 591 914 622 viE'coriae
930 592 1071 622 Romam
1088 590 1239 628 mittitur,
1259 600 1311 622 21.

137 633 187 665 M.
204 633 333 665 Porcius
349 635 443 671 Cato,
461 636 504 665 est
522 634 681 684 Scipionis
696 635 838 665 Africani
856 634 1023 675 inimicus,
1038 635 1092 674 38,
1107 643 1160 675 54.
1182 634 1222 664 de
1234 643 1333 674 pecu·

175 678 230 707 nia
247 678 327 717 regis
341 678 497 708 Antiochi
513 679 693 708 orationem
708 678 819 716 habet,
836 677 909 708 ibid.

219 721 386 752 censuram
410 722 502 761 petit,
521 731 575 762 39,
592 731 646 760 40.
671 721 721 752 M.
738 722 839 752 Porcii
863 721 996 752 Catonis
1019 720 1101 757 laus,
1119 719 1191 752 ibid.
1208 726 1334 750 creatur

175 765 297 801 censor,
311 774 365 805 41.
381 764 451 802 ejus
467 766 608 795 censurae
623 763 706 802 aeta,
721 774 778 805 42,
794 774 848 805 43.
860 771 893 795 et
904 773 958 804 44.
976 771 1130 804 patronus
1145 764 1334 794 nominatur

174 807 215 838 ab
232 807 397 848 Hispanis,
412 818 470 848 43,
484 818 515 840 2.
539 807 719 848 plurimum
734 807 866 847 adjuvat
882 807 1027 838 cauffam
1041 807 1258 844 Rhodiorum,
1274 813 1331 847 45,

129 858 319 924 P.2l÷orcius
343 894 448 930 Laeca,
472 893 622 924 tribunus
645 893 759 934 plebis,
777 904 830 933 32,
849 901 878 932 7.
902 893 1051 925 triumvir
1073 891 1182 934 epulo,
1207 901 1261 932 33,
1277 901 1331 932 42.

176 944 302 975 praetor,
320 936 392 967 ibid.
413 937 542 967 sortitur
556 937 652 974 Pisas,
670 946 725 977 43.

130 979 250 1010 Porcus
261 980 293 1009 in
304 980 476 1010 foederibus
488 979 665 1010 sanciendis
675 981 750 1011 saxo
761 979 845 1011 silice
854 979 1029 1019 percussus,
1041 989 1053 1009 1
1059 989 1129 1020 ,24.
1140 978 1207 1010 vid.
1218 985 1247 1009 et
1257 989 1289 1021 9,
1301 986 1331 1021 5.

131 1022 250 1053 Porcus
264 1022 373 1062 biceps
389 1029 495 1053 natus.
511 1022 578 1054 vid.
592 1023 750 1063 Prodigia.-

132 1066 231 1102 Poris,
242 1066 419 1096 AEneatum
433 1066 594 1105 princeps,
608 1076 664 1106 40,
680 1076 712 1105 4.
725 1065 793 1104 ejus
809 1066 892 1096 triste
905 1065 1023 1103 fatum,
1041 1064 1113 1096 ibid.

133 1109 206 1145 Lar,
224 1109 286 1139 sive
300 1109 419 1146 Lartes,
431 1109 579 1145 Porsena,
594 1119 649 1139 rex
665 1109 885 1144 Clusinorum,
903 1119 934 1145 2,
951 1120 983 1149 9.
999 1109 1039 1139 ad
1055 1118 1132 1139 eum
1148 1108 1334 1148 perfugiunt

173 1152 357 1191 Tarquinii,
375 1151 446 1182 ibid.
469 1151 593 1182 bellurn
617 1152 710 1183 infert
732 1152 853 1192 populo
868 1151 1032 1189 Romano,
1047 1151 1121 1182 ibid.
1145 1151 1266 1182 obsidet
1280 1162 1334 1182 ur-

173 1194 250 1225 bem
267 1195 422 1233 Romam,
442 1204 453 1225 1
464 1204 492 1225 1.
507 1194 678 1226 Porsenam
694 1196 813 1235 cogitat
830 1195 975 1225 occidere
992 1195 1030 1225 C.
1048 1194 1193 1231 Mucius,
1210 1202 1242 1225 et
1257 1195 1333 1226 scri-

175 1238 253 1268 bam
269 1247 326 1278 pro
342 1247 413 1278 rege
428 1238 613 1276 obtruncat,
633 1249 644 1269 1
655 1248 682 1269 2.
706 1239 806 1269 mittit
818 1238 938 1278 legatos
951 1237 1104 1272 Romam,
1120 1238 1174 1277 qui
1199 1238 1238 1269 de
1254 1248 1333 1278 pace

173 1287 282 1320 agant,
303 1290 354 1320 13.
376 1280 499 1311 obfides
513 1282 630 1322 accipit
647 1292 665 1312 a
680 1282 851 1319 Romanis,
867 1281 940 1311 ibid.
955 1281 1090 1312 Porsena
1103 1281 1210 1311 filium
1225 1283 1333 1312 Arun-

173 1330 241 1354 tem
268 1325 413 1354 Ariciam
435 1331 661 1364 oppugnatum
687 1326 801 1362 mittit,
821 1335 870 1365 ¹4·
898 1325 999 1355 mittit
1026 1324 1148 1364 legatos
1175 1324 1331 1362 Romam.

173 1366 213 1397 de
236 1367 418 1397 reducendo
442 1367 474 1397 in
498 1377 634 1407 regnum
656 1369 846 1408 Tarquinio,
865 1376 914 1407 15.
938 1368 974 1398 fit
997 1369 1123 1398 amicus
1139 1367 1248 1408 populi
1267 1368 1332 1399 Ro-

176 1411 280 1447 mani,
297 1409 370 1440 ibid.
387 1410 488 1440 reddit
504 1410 639 1447 obfides,
656 1411 729 1441 ibid.
745 1420 860 1451 agrurn
876 1411 1046 1441 Veientem
1062 1411 1208 1450 restituit,
1221 1411 1295 1442 ibid.

132 1453 278 1483 Porsenae
295 1453 374 1492 regis
386 1453 473 1483 bona
485 1454 644 1484 vendendi
663 1463 734 1484 mos
749 1454 836 1485 unde
852 1453 977 1488 duetus,
995 1464 1027 1492 2,
1048 1463 1098 1494 ¹4·

131 1497 224 1527 Porta
238 1496 381 1536 Capena,
401 1506 430 1533 r,
448 1496 501 1527 26.
526 1506 557 1535 3,
575 1506 627 1528 22.
654 1506 705 1534 10,
723 1507 774 1535 23.
800 1505 853 1537 25,
871 1505 925 1536 40·
951 1498 1005 1534 26,
1025 1506 1074 1528 10.
1099 1506 1152 1535 33,
1170 1497 1222 1535 36.
1239 1503 1331 1529 extra.

174 1546 300 1579 portam
323 1539 489 1578 Capenam
513 1540 685 1570 convenire
715 1539 871 1578 jubentur
902 1541 1018 1570 armati
1042 1540 1199 1578 juniores,
1226 1549 1257 1578 7,
1277 1551 1330 1581 23.

173 1582 319 1612 consules
340 1583 485 1619 edicunt,
503 1583 627 1622 quoties
644 1583 676 1613 in
693 1583 840 1613 senatum
857 1582 1031 1621 vocassent,
1044 1584 1093 1613 uti
1117 1583 1274 1614 senatores
1288 1584 1329 1615 ad

173 1631 298 1665 portam
316 1626 482 1665 Capenam
506 1626 728 1662 convenirent,
745 1636 799 1665 23,
819 1635 871 1665 32.
888 1626 928 1656 ad
951 1633 1078 1667 portam
1103 1626 1271 1666 Capenam
1285 1637 1329 1658 ae-

172 1669 248 1698 dem
263 1668 397 1699 Virtutis
411 1669 538 1699 dedicat
555 1669 604 1700 M.
619 1668 805 1707 Marcellus,
821 1679 875 1708 29,
894 1679 945 1700 11.

127 1727 170 1733 —
185 1711 410 1749 Carmentalis,
426 1722 456 1750 2,
474 1721 528 1752 49.
552 1722 605 1752 24,
621 1720 676 1753 47.
700 1720 756 1753 25,
771 1720 801 1751 7.
826 1720 880 1752 27,
896 1720 948 1752 37·

127 1770 171 1776 —
187 1754 440 1791 Coelimontana,
458 1763 510 1794 35,
528 1766 558 1796 9.

128 1797 326 1834 —Collina‚
345 1807 446 1835 2,11.
469 1804 501 1828 et
525 1806 577 1837 51.
602 1807 634 1836 3,
654 1805 705 1837 51.
728 1807 762 1837 4,
788 1808 839 1829 22.
863 1799 895 1835 6,
913 1799 967 1830 28.
992 1805 1024 1835 7,
1045 1807 1094 1828 11.
1121 1799 1174 1835 26,
1196 1808 1244 1830 10.
1271 1808 1326 1837 30,

173 1841 223 1878 38.
247 1849 302 1879 41,
322 1849 332 1870 ι
342 1849 370 1878 3.
394 1841 434 1870 ad
451 1847 576 1880 portam
592 1841 756 1871 Collinam
772 1841 924 1879 Vestales,
945 1850 1017 1881 quae
1037 1841 1133 1881 stupri
1151 1849 1329 1882 compertae

172 1883 310 1919 fuerant,
324 1882 462 1920 defoffae,
478 1884 510 1920 8,
527 1891 576 1923 15.
594 1893 648 1920 22,
668 1892 719 1923 57.

126 1942 170 1949 —
185 1925 360 1965 Esquilina,
379 1935 410 1962 2,
427 1935 476 1956 ιι.
502 1936 533 1964 3,
551 1927 603 1956 66.
620 1933 651 1956 et
667 1927 719 1958 68.
745 1928 777 1964 6,
795 1937 848 1959 22.
872 1928 926 1966 26,
947 1937 998 1958 ιο.
1022 1936 1076 1966 33,
1092 1927 1144 1959 26.
1167 1937 1223 1968 41,
1243 1937 1293 1968 ¹3·

126 1985 170 1994 —
186 1968 414 2006 Flumentana,
433 1977 484 2008 35,
503 1978 533 2008 9.
550 1976 581 1999 et
599 1979 650 2001 21.

124 2027 168 2035 —
184 2012 374 2048 Fontinalis,
393 2019 444 2052 35,
464 2021 512 2043 ιο.

123 2071 167 2078 -
181 2055 309 2092 Naevia,
327 2066 358 2092 2,
382 2064 430 2085 11.

124 2114 166 2121 —
183 2098 405 2136 Nomentana,
419 2099 452 2136 6,
465 2108 518 2130 20.

125 2141 382 2180 —Trigernina,
399 2151 433 2180 4,
453 2143 501 2172 16.
529 2148 581 2181 35,
602 2151 652 2172 ιο.
669 2147 700 2171 et
715 2150 768 2181 4¹·
792 2150 849 2181 40,
867 2148 919 2181 51.
942 2150 998 2182 41,
1018 2151 1070 2180 32.

126 2183 219 2214 Porta
234 2184 334 2220 Jovis,
351 2184 483 2224 Capuae,
502 2185 556 2221 26,
577 2194 626 2224 14.

124 2226 225 2257 Portae
240 2233 377 2266 quatuor
388 2228 576 2264 castrorum,
591 2237 646 2267 40,
666 2235 718 2265 27.
734 2237 866 2268 nempe,
883 2227 1133 2258 extraordinaria
1145 2234 1247 2267 porta,
1267 2237 1320 2259 ea-

169 2269 308 2308 demque
323 2272 481 2308 praetoria‚
499 2270 570 2300 ibid.

125 2329 168 2336 —
185 2313 378 2348 decumana,
390 2313 503 2343 eadem
519 2315 699 2352 quaestoria,
718 2323 748 2352 3,
763 2321 793 2353 5.
821 2323 873 2350 10,
886 2323 938 2352 32.
964 2323 1016 2353 34,
1032 2321 1084 2353 47
1109 2323 1165 2352 40,
1184 2322 1237 2351 27.

126 2373 167 2378 —
185 2354 368 2394 principalis
384 2355 506 2393 dextra,
523 2357 706 2396 principalis
723 2356 852 2393 sinistra,
866 2365 920 2396 40,
938 2363 990 2392 27.

129 2399 284 2434 Porticus,
302 2399 386 2428 circa
398 2398 504 2429 sorum
521 2409 539 2429 a
548 2399 725 2438 Tarquinio
739 2399 844 2430 Prisco
860 2408 929 2438 rege
943 2398 1044 2435 saetae,
1066 2408 1094 2436 1,
1113 2406 1165 2439 35.

125 2441 268 2472 Porticus
283 2441 355 2471 duae
371 2450 410 2472 ex
425 2443 648 2482 pecuariorum
673 2443 903 2473 damnatorum
919 2443 1056 2482 pecunia
1067 2442 1175 2481 fasten,
1192 2449 1244 2483 35,
1263 2452 1314 2474 10.

168 2484 255 2515 Vot..
272 2484 311 2515 V.
722 2485 753 2517 Κ
