1572 2616
254 177 332 220 192
594 177 760 205 INDEX
797 178 852 205 IN
889 178 933 206 T.
959 177 1097 207 lerl

246 256 287 287 T.
305 255 472 296 Popillius,
492 257 543 294 26,
559 258 589 287 6.

250 299 427 339 Poplicola,
444 299 509 329 vid.
527 299 663 335 Gellius,
681 299 837 330 Valerius.

247 342 432 381 Populonii,
450 343 537 380 urbs,
557 352 610 381 30,
625 351 679 381 39.

247 385 495 424 Populonienses
510 385 701 425 pollicentur
715 385 858 424 Scipioni
874 385 1006 422 sermm,
1025 385 1077 421 28,
1091 394 1146 425 45.

248 427 387 467 Populus
401 429 621 467 regemjubet,
637 428 742 458 Patres
758 428 900 458 auftores
915 428 1011 466 frunt,
1031 438 1061 465 1,
1082 437 1128 465 17.
1148 438 1198 460 22.
1212 434 1243 458 et
1261 437 1310 467 32.
1327 427 1393 459 vid.
1409 435 1436 458 et

294 480 309 508 3
338 477 391 501 .et
404 473 457 509 46.

246 478 389 552 Popglus
402 520 485 542 creat
500 513 659 549 consules,
680 523 709 549 1,
727 514 780 543 60.

245 572 289 579 —-
304 556 501 586 decemviros
511 556 635 595 legibus
650 557 834 592 scribendis,
853 566 883 595 3,
903 566 955 595 33.
968 563 1000 586 et
1018 563 1069 596 35.

241 614 285 622 —
300 599 445 629 tribunos
461 599 605 629 militum
620 599 777 630 consulari
792 601 956 639 potestate,
972 609 1006 640 4,
1026 601 1057 630 6.

245 657 289 664 —-
305 642 462 679 censores,
479 653 509 681 4,
526 643 556 672 8.
571 663 575 667 >

243 701 287 707 --
303 686 486 723 quaestores,
501 695 534 723 4,
551 693 604 723 44.

243 744 288 750 -
304 734 472 766 praetorem
486 734 517 757 et
533 727 642 757 aediles
657 727 794 761 curules,
811 729 842 765 6,
857 737 911 767 42.
937 734 969 766 7,
990 738 1018 758 1.

243 786 287 793 —
302 770 447 800 tribunos
462 770 606 800 militum
623 771 661 800 ad
679 770 831 810 legiones,
850 778 880 808 7,
897 779 927 811 5.
952 781 985 810 9,
1004 781 1056 810 30.

241 829 286 835 —-·
302 813 489 843 duumviros
502 813 642 850 navales,
656 825 687 852 ς),
704 823 753 851 30.

244 872 288 877 -—
304 855 560 894 prodifitatorem‚
579 866 631 892 22,
651 857 679 885 8.
697 862 727 885 et
745 865 796 894 31.

242 914 286 920 —
300 899 540 937 proconsulem,
557 899 611 937 qui
629 908 705 928 cum
725 899 858 937 imperio
874 899 908 929 in
931 899 1123 938 Hispaniam
1141 899 1299 935 mittatur,
1318 900 1372 936 26,
1388 899 1439 931 ιδ.

241 957 283 964 ·-
300 941 339 970 de
355 941 440 970 bello
456 942 628 971 indicendo
643 941 830 978 consulitur,
846 951 880 980 4,
897 944 946 982 58.
973 952 1026 980 31,
1045 951 1075 982 5.
1094 943 1123 972 6.
1147 949 1178 971 et
1195 944 1225 972 8.
1251 943 1304 980 36,
1323 952 1351 973 1.

242 1000 285 1006 —
301 985 339 1013 de
356 993 433 1023 pace
448 985 607 1020 facienda,
624 995 676 1020 21,
697 986 744 1014 18.
761 991 792 1013 et
811 994 860 1024 19.
885 993 938 1023 37,
956 992 1006 1025 55.

243 1026 355 1066 Populi
368 1026 466 1064 jussu,
483 1026 547 1056 sine
570 1026 755 1057 auetoritate
773 1027 919 1065 patrum,
933 1028 1186 1067 triumphatum,
1203 1037 1236 1067 3,
1254 1028 1307 1066 63.
1332 1034 1362 1064 7,
1385 1035 1434 1065 17.

285 1069 352 1099 vid.
371 1076 398 1098 et
417 1079 468 1106 10,
488 1077 538 1107 37.

242 1121 259 1140 a
275 1111 399 1151 Populo
411 1111 502 1149 jussae
515 1113 600 1152 leges
615 1112 727 1142 decem
743 1112 938 1149 tabularum,
958 1123 988 1152 3,
1008 1122 1058 1153 34.
1084 1120 1114 1143 et
1129 1113 1200 1143 aliae
1214 1112 1311 1152 leges,
1332 1123 1365 1151 3,
1383 1120 1436 1153 55.

284 1163 317 1193 45
337 1164 389 1193 24·

240 1197 381 1236 Populus
396 1198 482 1236 quod
505 1199 701 1237 postremum
713 1197 813 1235 jussu,
828 1197 859 1227 id
879 1197 932 1235 jus
951 1204 1123 1237 ratumque
1138 1199 1194 1234 est,
1215 1207 1244 1234 7,
1267 1206 1313 1235 17.
1332 1209 1363 1237 9,
1383 1207 1433 1236 33.

238 1240 417 1277 -judicat
433 1241 471 1269 de
495 1240 724 1279 perduellione,
746 1250 775 1278 1,
795 1241 848 1271 26.
871 1251 899 1274 2,
921 1251 975 1279 4¹·
999 1242 1139 1271 comitiis
1167 1242 1362 1280 centuriatis,
1378 1251 1433 1281 43,

287 1283 337 1312 18.
352 1283 419 1312 vid.
435 1290 463 1312 et
481 1285 535 1319 26,
554 1293 584 1322 3.

238 1325 362 1364 Populo
376 1326 474 1356 fasces
490 1326 662 1356 summittit
677 1325 800 1362 consul,
820 1336 851 1363 2,
871 1334 898 1362 7.

237 1369 278 1398 ad
294 1368 455 1408 Populum
471 1369 616 1399 adversus
632 1370 832 1408 magistratus
847 1368 1043 1408 provocatio,
1057 1380 1088 1406 z,
1107 1371 1137 1400 8.
1153 1369 1219 1400 vid.
1237 1369 1431 1401 Provocatio.

236 1411 350 1450 Populi
366 1411 505 1442 Romani
522 1412 687 1449 modestia,
703 1422 736 1451 4,
753 1413 784 1442 6.
801 1411 868 1441 vid.
886 1412 1038 1441 Romani.

236 1454 346 1484 Porcia
362 1454 502 1492 bafilica,
516 1464 534 1484 a
550 1455 598 1484 M.
615 1455 724 1485 Porcio
738 1455 860 1485 Catone
876 1455 969 1492 faEta,
989 1465 1042 1495 39,
1060 1465 1114 1494 44.

237 1497 346 1527 Porcia
363 1497 429 1534 lex,
451 1507 500 1534 ιο,
516 1509 546 1537 9.

238 1540 271 1568 L.
289 1540 418 1570 Porcius
435 1540 577 1576 Licinus,
592 1540 727 1579 legatus,
746 1540 779 1569 in
796 1539 1035 1580 oppugnatione
1048 1541 1168 1580 Capuae
1183 1549 1240 1579 pro
1252 1539 1336 1570 vallo
1352 1542 1433 1570 acri-

279 1589 326 1612 ter
341 1589 476 1621 pugnat,
494 1584 546 1619 26,
564 1584 593 1612 6.
619 1583 719 1612 aedilis
736 1583 850 1622 plebis,
869 1590 920 1620 27,
939 1584 969 1614 6.
993 1590 1120 1622 praetor,
1138 1591 1189 1623 35.
1213 1583 1339 1612 sortitur
1353 1583 1432 1612 Gal·

277 1624 370 1661 liam,
387 1627 439 1663 36.
462 1625 561 1655 literae
577 1626 645 1663 ejus
668 1632 786 1663 augent
809 1626 1005 1663 tumultum,
1025 1635 1076 1664 39.
1099 1627 1133 1656 in
1157 1625 1269 1665 proelio
1283 1625 1429 1655 adversus

277 1667 487 1698 Asdrubalem
505 1668 648 1698 mediam
663 1669 767 1697 aciem
784 1674 902 1704 tuetur,
919 1670 972 1708 48.

239 1710 274 1740 L.
290 1709 418 1740 Porcius
441 1711 569 1740 Licinus
585 1718 708 1740 creatur
724 1717 852 1750 praetor,
871 1720 925 1751 34,
940 1718 991 1750 54.
1015 1711 1139 1741 sortitur
1161 1710 1355 1748 Sardiniam,
1374 1717 1427 1750 55.

275 1759 403 1783 creatur
418 1753 541 1789 consul,
560 1763 612 1793 39,
633 1763 684 1791 32.

231 1795 266 1826 L.
284 1795 412 1826 Porcius
428 1796 461 1825 L.
477 1796 511 1826 F.
532 1797 672 1834 Licinus,
689 1796 852 1833 duumvir,
870 1796 996 1826 dedicat
1016 1797 1120 1827 aedem
1133 1795 1266 1827 Veneris
1281 1795 1427 1836 Erycinae

275 1838 315 1867 ad
331 1846 456 1877 portam
472 1838 648 1875 Collinam,
661 1849 717 1877 40,
735 1849 785 1879 34.

230 1881 265 1911 L.
280 1881 410 1911 Porcius
426 1882 556 1912 Licinus
579 1882 751 1921 praeficitur
773 1881 955 1912 deduffioni
972 1883 1106 1912 navium
1122 1881 1351 1919 Brundusium,
1367 1890 1425 1920 42,

277 1931 327 1960 27.

234 1965 283 1997 M.
301 1966 430 1996 Porcius
446 1967 539 2003 Cam,
557 1968 693 2005 quaestor
710 1967 743 1997 P.
759 1967 933 2006 ScipioniS,
947 1978 1000 2007 29,
1018 1975 1070 2007 25.

319 2008 419 2038 aedilis
443 2009 558 2048 plebis,
575 2019 626 2047 32,
646 2018 676 2044 7.
699 2018 822 2039 creatur
839 2017 965 2048 praetor,
982 2010 1054 2039 ibid.
1082 2009 1206 2039 obtinet
1228 2009 1422 2046 Sardiniam,

273 2052 303 2081 8.
318 2059 348 2081 et
367 2059 418 2087 27.
441 2053 485 2081 est
501 2053 635 2090 asperior
652 2054 683 2082 in
702 2054 879 2082 coercendo
895 2053 1028 2088 foenore,
1047 2051 1119 2081 ibid.

314 2101 438 2123 creatur
454 2095 578 2130 consul,
597 2104 648 2132 33,
666 2105 721 2133 42.
746 2096 871 2124 sortitur
886 2095 1077 2133 Hispaniam
1094 2094 1307 2133 provinciam,
1325 2103 1378 2134 43.

313 2136 383 2173 eJus
406 2144 517 2166 contra
542 2137 658 2167 luxum
677 2137 868 2166 muliebrem
893 2147 949 2176 pro
971 2137 1039 2175 lege
1060 2137 1166 2175 Oppia
1188 2137 1301 2173 oratio,
1320 2146 1373 2175 34,
1390 2148 1420 2169 2.

272 2179 483 2218 proficiscitur
500 2180 531 2209 in
557 2180 760 2217 Hispaniam,
777 2181 806 2209 8.
831 2180 900 2216 ejus
922 2180 960 2209 de
977 2180 1061 2209 bello
1078 2179 1214 2216 dietum,
1232 2189 1261 2217 9.
1284 2182 1347 2209 urit
1363 2181 1422 2209 ho-

268 2222 365 2251 stium
392 2231 495 2259 agros,
524 2222 597 2251 ibid.
629 2223 667 2251 ad
697 2222 764 2259 ejus
789 2231 894 2260 genua
917 2222 1147 2260 provolvuntur
1176 2222 1269 2261 legati
1299 2222 1421 2252 Bilista-

266 2263 326 2302 gis,
346 2263 516 2302 Ilergetum
533 2265 645 2303 reguli,
662 2265 821 2294 auxilium
838 2265 879 2294 ab
895 2273 933 2294 co
948 2271 1104 2303 petentes,
1124 2274 1135 2294 r
1147 2274 1173 2294 1.
1191 2265 1259 2303 ejus
1276 2265 1417 2301 consilia,

271 2315 319 2336 12.
337 2307 536 2345 strategema,
555 2317 604 2345 ¹3·
628 2308 729 2337 oratio
745 2308 784 2336 ad
802 2307 932 2345 milites,
949 2307 1020 2337 ibid.
1047 2308 1205 2347 Hispanos
1219 2308 1258 2337 ad
1272 2317 1415 2346 pugnarn

266 2348 366 2383 elicit,
386 2359 434 2387 14.
448 2359 527 2388 quos
544 2351 644 2388 fugat,
663 2357 693 2379 et
708 2351 806 2380 castra
822 2359 933 2380 eorum
949 2358 1114 2390 oppugnat
1131 2357 1162 2380 et
1185 2351 1282 2389 capit,
1299 2350 1371 2379 ibid.
1388 2357 1416 2380 et

271 2398 319 2430 x5.
344 2392 370 2420 ei
389 2392 417 2420 se
433 2392 554 2421 dedunt
570 2393 719 2432 Hispani,
743 2394 788 2422 16.
805 2399 950 2422 exarmat
966 2403 1079 2423 omnes
1095 2394 1141 2423 cis
1155 2393 1283 2423 Iberum
1303 2392 1416 2432 Hispa-

265 2442 336 2471 nos,
354 2440 386 2463 et
407 2435 538 2465 urbium
563 2445 671 2466 muros
694 2445 759 2466 una
781 2437 831 2466 die
854 2436 962 2474 diruit,
982 2444 1032 2473 17.
1055 2436 1260 2475 Segesticam,
1282 2435 1416 2474 opulen-
