1572 2616
458 129 715 159 PATRICIAE
751 126 968 156 GENTES.
1228 122 1304 164 117

427 339 752 383 OCTAVIA
790 332 994 380 GENS

110 638 418 693 OCTAVIAM
449 659 602 703 gentem
632 653 785 690 Velitris
815 652 906 689 olim
936 651 1166 700 praecipuam
1196 648 1306 688 fuisse

111 723 238 760 scribit
275 722 312 757 in
354 720 522 770 Augusto
557 720 768 756 Suetonius.
825 719 878 754 Ea
916 730 1006 755 vero
1042 731 1063 754 a
1100 717 1307 767 Tarquinio

111 785 234 823 Prisco
263 797 350 834 rege
377 786 416 821 in
442 784 613 820 senatum
642 783 752 826 lecta,
773 789 812 818 et
832 794 852 818 a
873 782 950 819 Ser.
970 782 1097 818 Tullio
1117 782 1215 818 inter
1241 794 1308 830 pa-

111 849 233 886 tricias
253 854 440 896 cooptata,
462 847 689 896 procedente
717 853 887 895 tempore
915 845 960 881 ad
986 844 1139 894 plebem
1158 844 1197 881 se
1217 856 1309 881 con—

113 915 222 951 tulit:
258 913 371 962 longo
400 912 535 948 deinde
564 911 759 948 intervallo
779 924 799 947 a
819 912 866 948 C.
889 910 1050 955 Caesare,
1070 910 1189 948 Caffia
1208 911 1308 961 lege,

112 981 152 1016 in
185 979 420 1028 patriciatum
450 984 620 1013 revocata
650 976 713 1012 est.
773 976 917 1012 Auam-
945 974 1056 1024 hujus
1086 978 1222 1026 gentis,
1243 978 1309 1026 qui

114 1042 268 1090 quidem
296 1041 438 1089 primus
459 1039 711 1088 magistratum
732 1038 860 1087 populi
880 1038 1055 1089 suffragio
1073 1041 1229 1089 adeptus
1249 1039 1307 1084 fit,

115 1105 188 1142 Cn.
220 1103 341 1140 Rufus
369 1102 587 1151 perhibetur
614 1115 634 1138 a
664 1102 856 1138 Suetonio.
913 1103 949 1138 Is
972 1103 1188 1151 quaestorius
1206 1116 1310 1141 mor-

116 1176 201 1204 tuus
221 1167 295 1204 est:
328 1165 409 1215 ejus
430 1178 519 1202 vero
549 1165 647 1202 filius
675 1166 816 1214 primus
845 1178 894 1202 ex
921 1165 990 1202 hac
1018 1167 1159 1203 familia
1179 1166 1309 1204 consul

116 1231 167 1268 est
197 1230 336 1267 faetus:
368 1227 476 1278 cujus
506 1231 557 1265 rei
585 1229 713 1266 auctor
741 1229 792 1265 est
820 1229 955 1266 Cicero
983 1229 1080 1266 libro
1099 1230 1145 1266 de
1165 1229 1312 1268 Officiis

115 1295 261 1344 primo:
295 1295 365 1331 Cn.
388 1293 557 1335 Offiavio,
577 1293 712 1341 inquit,
733 1294 797 1341 qui
826 1294 970 1342 primus
999 1307 1046 1330 ex
1078 1295 1140 1330 illa
1168 1294 1309 1332 familia

115 1356 244 1394 consul
265 1357 381 1393 factus
398 1356 463 1399 est,
485 1356 617 1392 honori
645 1356 751 1392 fuisse
780 1359 1004 1405 accepimus,
1026 1358 1127 1406 quod
1154 1358 1310 1407 praecla-

116 1435 196 1459 ram
216 1421 427 1458 aedificafl'et
447 1421 481 1456 in
507 1421 656 1463 Palatio,
679 1427 716 1456 et
735 1420 886 1469 plenam
908 1422 1093 1471 dignitatis
1121 1423 1305 1460 domum:

114 1502 199 1538 quae
216 1501 333 1537 quum
355 1487 468 1536 vulgo
488 1486 703 1530 visceretur,
726 1485 920 1536 suffragata
941 1487 1095 1524 domino
1123 1501 1221 1525 novo
1242 1489 1310 1526 ho-

116 1554 208 1590 mini
228 1553 272 1589 ad
291 1551 524 1589 consulatum
546 1551 755 1600 putabatur.
812 1551 860 1588 Et
882 1551 1083 1600 Philippica
1101 1565 1213 1598 nona,
1235 1554 1308 1593 Cn.

117 1617 260 1655 oetas-ii
278 1617 364 1652 clari
386 1622 422 1651 et
443 1615 567 1664 magni
588 1615 669 1656 viri,
691 1615 753 1663 qui
775 1616 915 1663 primus
945 1615 979 1651 in
1010 1628 1094 1653 eam
1114 1617 1309 1664 familiam,

117 1694 202 1730 quae
236 1681 358 1729 postea
386 1680 470 1716 viris
505 1679 704 1716 fortissimis
730 1678 870 1723 floruit,
906 1680 1030 1717 attulit
1059 1682 1310 1729 consulatum,

119 1745 273 1782 staulam
302 1744 471 1780 videmus
493 1745 529 1780 in
549 1744 681 1780 rostris.
740 1746 868 1792 Atque
888 1744 970 1780 haec
990 1746 1036 1781 de
1056 1748 1173 1795 prima
1195 1749 1310 1787 Οᾶεὶ-

120 1812 186 1846 viae
205 1809 324 1858 gentis
341 1808 493 1845 familia.
553 1807 682 1844 Altera
702 1820 790 1844 vero
815 1809 927 1844 nullis
957 1822 1078 1858 neque
1108 1813 1218 1849 rebus
1244 1826 1308 1863 ge·

120 1875 189 1916 stis,
210 1885 332 1921 neque
360 1873 563 1909 honoribus
591 1872 728 1908 floruit.
786 1873 903 1909 Testis
931 1874 981 1910 est
1010 1875 1084 1923 ipsc
1106 1877 1309 1927 Augustus,

119 1939 181 1989 qui
204 1937 294 1974 nihil
313 1937 471 1985 amplius
492 1948 602 1985 quam
625 1936 779 1984 equestri
803 1937 941 1973 familia
971 1949 1096 1976 ortum
1117 1939 1153 1976 se
1172 1941 1308 1988 scribit,

119 2012 243 2041 vetere
262 2014 303 2038 ac
325 2001 527 2050 locuplete,
547 2008 585 2037 et
605 2003 641 2037 in
660 2013 731 2049 qua
754 2002 893 2049 primus
922 2003 1067 2039 senator
1095 2012 1200 2053 pater
1226 2006 1311 2044 suus

119 2067 245 2109 fuerit,
266 2077 380 2114 quem
402 2077 469 2113 pro
489 2072 647 2113 praetore
668 2064 934 2101 Macedoniam
964 2067 1194 2114 provinciam
1214 2071 1309 2106 obti-

119 2127 248 2171 nuisse,
288 2129 420 2164 Cicero
456 2128 501 2164 ad
543 2128 594 2165 Q.
626 2127 780 2164 fratrem
818 2128 901 2164 satis
940 2129 1100 2166 dilucide
1137 2131 1309 2170 ostendit.

122 2195 224 2232 Hinc
254 2192 440 2241 inscriptio
464 2199 568 2229 vetus
588 2194 623 2228 in
645 2192 757 2229 hortis
779 2192 983 2230 Colotianis
1014 2195 1147 2231 Romae
1174 2195 1310 2246 legitur

121 2259 199 2295 talis
218 2273 226 2294 :

715 2385 780 2423 S5
