1572 2616
487 142 742 172 PATRICIAE
779 141 996 169 GENTES.

149 266 338 304 quaestorem
352 265 441 295 fuisse
458 265 574 295 scribit.
595 264 760 294 Tribunus
774 263 840 302 ple-

150 308 212 344 bis,
234 308 382 344 Lentulo,
403 309 556 338 Marcello
579 317 660 337 coss.
678 307 838 337 Plutarch.

150 352 292 390 Appian.
317 352 347 381 ii.
381 352 467 390 Mag.
493 361 542 389 eq.
567 351 603 381 C.
628 351 740 379 Caesari
764 349 838 379 dit‘l.

152 403 205 424 an.
218 395 289 431 706.
305 395 378 424 Cos.
392 404 468 423 cum
480 394 516 424 C.
527 394 660 426 Caesare,
674 403 751 422 ann.
766 401 836 432 709.

151 437 259 466 Hostis
283 447 300 466 a
325 442 432 466 ienatu
451 437 627 475 judicatus,
644 437 685 466 D.
706 437 837 465 Brutum

152 479 292 510 Mutinae
315 481 455 510 obsedit:
482 480 583 509 vit-stus
606 479 646 508 ab
672 479 777 508 Hirtio
808 485 838 507 et

150 523 271 553 Caesare
289 524 320 552 in
343 523 482 553 Galliam
500 522 656 561 confugit.
683 522 731 551 M.
751 521 840 559 Lepi-

151 565 230 596 dum
249 576 326 596 curn
344 566 523 604 legionibus
542 566 595 594 fibi
609 565 733 602 junxit.
769 564 839 593 Tri-

150 609 256 638 umvir
275 619 306 638 R.
327 619 353 638 1².
370 619 399 638 c.
417 610 447 638 in
466 609 742 647 quinquennium,
760 617 837 636 cum

149 651 270 682 Cael'are
293 659 323 682 et
349 652 465 690 Lepido
489 652 692 687 constitutus,
711 650 840 689 proscri-

152 696 299 734 ptionem
314 695 482 724 Sullanam
500 695 674 723 renovavit.
702 694 839 723 Brutum

148 745 179 767 et
193 737 333 768 Caffium
347 739 432 777 apud
450 737 613 776 Philippos
630 737 715 766 vicit.
755 736 839 766 Cen-

151 781 199 810 sor
215 790 293 811 eum
310 781 343 811 P.
363 780 520 820 Sulpicio,
538 790 590 810 an.
611 788 683 817 7¹¹-
701 780 773 809 Cos.
794 788 835 815 ιι,

152 833 229 854 cum
246 824 280 853 L.
292 824 470 859 Scribonio,
485 833 537 853 an.
554 831 626 861 719.
639 823 758 853 Parthis
771 822 838 851 bel-

152 866 221 896 lum
233 867 359 897 intulit:
379 867 502 896 duabus
515 866 692 905 legionibus
705 864 836 901 amiffis,

152 909 243 939 nulla
266 919 296 939 re
321 910 462 949 prospere
478 910 574 947 gesta,
593 910 625 938 in
642 909 834 939 Armeniam

149 952 287 982 reversus
309 954 363 982 est.
407 952 458 982 Ab
481 952 626 991 Augusto
650 952 688 981 ad
705 951 836 981 Afflium

151 995 243 1025 class'e
260 995 360 1025 viftus
371 995 602 1025 Alexandriam
616 995 766 1033 profugit,
781 993 839 1023 ibi-

151 1047 214 1077 que
230 1038 258 1067 se
282 1040 345 1078 ipse
363 1039 532 1068 interemit.
580 1038 728 1076 Epitome
753 1037 838 1067 cxvi.

150 1089 181 1110 et
206 1081 358 1120 sequenti.
399 1082 472 1111 Dio.
510 1081 671 1110 Plutarch.
717 1079 840 1109 Florus.

152 1124 335 1154 Suetonius.
359 1123 498 1154 Zonaras
515 1125 548 1152 in
560 1123 746 1153 Oetaviano.
765 1122 839 1152 Vel-

152 1167 244 1197 leius.
283 1167 394 1197 Cicero
418 1168 449 1196 in
466 1166 603 1206 Philipp.
619 1166 659 1195 ad
675 1166 838 1201 Atticum,

152 1211 206 1240 vii.
222 1221 254 1240 x.
270 1211 337 1240 xiv.
353 1211 416 1240 xvi.
440 1209 592 1248 Virgilius
608 1209 664 1238 lib.
680 1209 746 1238 viii.
774 1210 840 1247 Ap-

151 1254 267 1292 pianus
283 1254 317 1283 in
333 1253 500 1289 Parthicis,
517 1259 548 1282 et
570 1253 609 1282 de
631 1251 723 1281 bellis
739 1251 840 1281 civili-

153 1296 224 1326 bus.

148 1380 284 1410 JULUS
296 1380 527 1410 ANTONIUS
539 1380 586 1409 M.
604 1380 636 1409 F.
649 1379 698 1409 M.
711 1379 754 1409 Ν.
766 1379 840 1409 Cos.

149 1433 230 1454 cum
252 1423 291 1454 Q.
318 1424 428 1459 Fabio,
451 1432 537 1453 anno
564 1431 635 1461 743.
680 1421 841 1452 Cafliodo-

153 1476 217 1496 rus.
241 1467 305 1496 Dio
319 1466 375 1496 lib.
392 1466 433 1496 lv.
451 1466 584 1496 Adulter
597 1465 692 1495 Juliae
707 1465 839 1504 Augusti

155 1510 191 1539 F.
208 1509 248 1539 ab
271 1510 415 1548 Augusto
431 1510 558 1539 occisus
580 1509 634 1539 est.
667 1509 841 1538 Suetonius

151 1553 195 1582 de
212 1552 326 1582 Illustr-
343 1554 524 1583 Grammat.
568 1552 701 1581 Tacitus
724 1551 781 1582 lib.
797 1551 842 1581 iv.

152 1594 294 1626 Velleius
311 1596 342 1625 ii.

155 1680 190 1711 L.
205 1680 434 1711 ANTONlUS
454 1679 548 1710 JULI
567 1680 600 1709 F.
616 1678 665 1709 M.
681 1678 724 1709 N.
742 1677 843 1709 Hunc

155 1723 431 1754 adolescentulum
460 1723 622 1762 Augustus
659 1722 716 1751 sub
743 1722 843 1760 specie

154 1766 332 1796 studiorum
349 1767 388 1796 ad
405 1767 570 1796 civitatem
586 1764 842 1801 Maffilienfium,

156 1819 188 1839 re
203 1818 275 1838 vera
299 1810 330 1838 in
355 1809 491 1839 exilium
515 1814 640 1848 propter
656 1808 752 1847 patris
767 1807 845 1838 deli-

155 1851 246 1882 &um
262 1851 355 1882 misit.
400 1852 534 1883 Tacitus
548 1851 605 1881 lib.
619 1851 660 1881 iv.

884 262 947 292 Dio
961 261 1015 292 lib.
1029 261 1094 291 xlv.

884 306 957 335 Cos.
971 314 1048 334 cum
1062 305 1094 334 P.

884 347 1094 384 Servilio,an.

887 399 958 426 712.
979 390 1096 420 Caffio-

883 434 989 464 dorus.
1046 433 1097 462 Ab

884 476 1028 516 Augusto
1059 477 1097 505 ad

885 519 1098 549 l’eruiiamvi-

884 562 1099 598 &us,incolu-

885 605 1098 635 misdimiffus

885 649 1100 688 est.Epitoma

884 693 992 721 cxxvi.
1043 691 1099 721 lib.

883 734 1101 764 xlviii.Sueto-

884 777 1100 807 niusinoeia-

883 821 989 851 viano.
1027 820 1101 849 Vel-

882 863 962 893 leius
985 863 1040 893 lib.
1069 863 1101 893 ii.

880 907 1032 936 meminit
1045 906 1098 936 Ci-

879 949 1098 989 cerOPhilipp.

882 1001 912 1022 v.
929 999 960 1023 et
973 993 1017 1023 vi.

1278 139 1331 182 33

1141 261 1207 291 xlv.
1295 262 1335 291 ab

1142 305 1312 335 Hortensio

1144 347 1229 385 jufl‘u
1249 348 1335 377 Bruti

1141 392 1264 420 occisus
1279 392 1337 421 est.

1144 434 1294 473 Epitoma

1143 478 1230 506 cxxi.
1263 477 1335 507 Plu-

1143 521 1246 549 tarch.
1302 520 1335 549 in

1144 564 1242 593 Bruto
1305 570 1336 593 et

1142 606 1298 636 Antonio.
1359 622 1363 625 <

1144 650 1206 679 Dio
1279 649 1336 690 ljb.

1144 692 1235 722 xlvii.
1268 692 1335 731 Ap-

1147 736 1260 774 pianus
1278 735 1334 764 lib.

1145 788 1174 808 v.
1220 779 1337 808 rnemi-

1147 822 1193 850 nit
1221 821 1335 851 Cicero

1147 864 1286 904 Philipp.
1301 874 1334 895 x.
