1572 2616
430 181 800 210 HISTORIARUM
837 181 1040 210 LIBROS.
1245 180 1319 213 211

175 270 203 297 7.
228 268 255 291 et
267 262 356 303 seqq.
380 261 506 292 AEtolos
530 262 676 299 offendit,
698 271 745 292 11.
778 260 949 291 confilium
977 261 1074 291 habet
1098 261 1137 290 de
1162 270 1252 300 pace,
1273 271 1323 293 ¹2.

170 304 239 341 ejus
263 305 464 344 colloquium
487 305 527 335 ad
549 305 674 343 Tempe
691 314 770 335 cum
787 303 946 344 Philippo,
968 314 1017 343 13.
1041 305 1186 334 inducias
1201 305 1230 334 ei
1246 314 1327 343 qua·

171 355 243 377 tuor
270 348 429 378 menfium
458 349 619 385 concedit,
634 347 706 378 ibid.
731 348 872 384 Boeoms,
899 349 985 386 quod
1011 347 1130 387 multos
1157 347 1324 377 Romanos

170 399 224 429 per
251 390 418 421 latrocinia
443 392 632 428 occiderint,
659 391 807 428 maletat,
831 401 881 431 29.
907 390 1100 430 promulgari
1116 391 1149 419 in
1175 390 1259 420 ludis
1282 390 1327 419 Is-

171 434 282 464 thmiis
307 442 397 464 curat
421 434 601 465 libertatern
629 435 776 471 Graeciae,
800 443 939 474 3³.—34.
962 435 991 464 ei
1016 441 1202 475 prorogatur
1222 434 1328 472 impe-

168 486 266 513 rium,
282 487 336 515 43.

212 520 280 556 ejus
293 520 414 557 justitia
430 528 460 550 et
478 521 702 560 temperantia,
723 530 775 559 34,
791 531 842 552 22.
867 521 905 550 ad
921 529 997 550 eum
1014 518 1326 550 senatusconsultum

158 558 314 599 'miffum,
332 573 396 602 quo
412 564 558 594 adversus
574 564 683 593 Nabin
700 564 823 593 bellum
837 564 1016 599 decretum,
1030 562 1102 593 ibid.
1125 568 1327 592 conventum

168 606 320 635 omnium
349 607 506 637 sociarum
537 607 719 637 civitatium
748 607 963 646 legationibus
990 606 1086 636 edicit
1113 606 1324 643 Corinthum,

167 648 240 678 ibid.
264 649 332 686 ejus
357 650 396 679 ad
422 650 552 680 Graecos
578 652 692 687 oratio,
709 650 782 680 ibid.
810 651 990 680 exercitum
1016 649 1105 678 ducit
1129 650 1244 688 Argos,
1271 657 1325 689 25.

168 692 247 730 petit
275 693 557 730 Lacedaemonem,
575 694 626 724 26.
658 694 726 731 ejus
754 703 801 723 res
827 694 920 732 gestae
949 694 981 722 in
1006 702 1044 722 eo
1068 692 1166 728 bello,
1185 693 1326 732 26—29.

103 743 106 745 ’
167 733 369 774 colloquium
386 746 463 766 cum
480 737 620 771 Nabide,
638 746 775 775 30—32.
801 737 899 766 socios
916 736 955 765 ad
971 745 1085 775 pacem
1099 736 1253 768 hortatur,
1271 745 1324 774 33.

167 785 198 807 et
216 788 267 817 34.
292 789 354 818 pax
380 781 552 809 convenire
577 789 643 809 non
667 780 780 819 potest,
805 788 857 819 35.
883 787 914 809 et
938 781 990 818 36.
1014 788 1134 808 corona
1156 785 1325 818 oppugnat

167 822 325 860 Spartam,
344 823 395 861 38.
419 823 549 859 recedit,
568 831 619 860 39.
644 823 790 852 inducias
813 822 962 852 concedit
985 822 1117 858 Nabidi,
1139 831 1192 861 40.
1217 821 1324 861 praefi-

167 864 250 894 citur
273 865 420 902 Nemeis,
443 875 496 904 4¹·
532 866 718 895 AEtolorum
748 866 782 895 in
807 866 847 895 T.
868 865 1044 895 Quintium
1072 864 1222 904 querelae,
1248 864 1322 894 ibid.

167 907 328 937 Graeciam
345 908 539 947 relinquens,
555 909 731 948 alloquitur
747 909 905 938 sociorum
922 908 1054 948 legatos,
1071 909 1124 946 48.
1141 913 1172 936 et
1188 916 1240 947 49.
1267 916 1324 946 pe·

167 950 204 979 tit
223 951 262 979 ab
281 951 329 987 iis,
348 958 383 981 ut
399 952 483 981 cives
499 951 675 986 Romanos,
691 953 712 982 fi
740 953 794 991 qui
820 952 905 991 apud
922 961 975 981 eos
993 952 1024 981 in
1042 951 1189 980 servitute
1210 949 1325 987 effent,

167 992 347 1030 liberarent,
366 1002 416 1033 50.
442 996 728 1033 Acrocorinthum,
746 995 950 1031 Chalcidem,
967 1002 997 1024 et
1020 993 1261 1023 Demetriadem
1284 993 1325 1023 li-

166 1035 267 1073 berat,
285 1046 334 1076 51-
360 1038 503 1067 triduum
521 1039 712 1077 triumphat,
731 1046 782 1077 52.
807 1046 881 1067 ante
906 1038 975 1076 ejus
996 1046 1127 1066 currum
1152 1036 1247 1066 multi
1264 1045 1324 1066 no-

165 1079 246 1109 biles
262 1081 378 1119 captivi
396 1080 580 1120 obfidesque
599 1081 697 1118 dueti,
715 1082 797 1111 inter
811 1091 892 1121 quos
907 1081 1105 1115 Demetrius,
1124 1079 1261 1118 Philippi
1277 1088 1325 1108 re-

165 1123 224 1161 gis,
239 1130 269 1152 et
288 1125 456 1160 Armenes,
474 1124 620 1161 Nabidis,
645 1124 717 1161 filii,
732 1124 805 1155 ibid.
828 1125 917 1155 audit
942 1124 1062 1163 legatos
1084 1123 1254 1159 Antiochi,
1274 1122 1324 1152 iis-

168 1175 229 1205 que
244 1166 421 1205 respondet,
439 1175 490 1207 57.
506 1174 536 1197 et
554 1168 604 1206 58.

208 1208 331 1249 legatus
356 1211 389 1240 in
417 1210 578 1240 Graeciam
596 1210 747 1247 mittitur,
767 1218 819 1249 35,
839 1219 890 1248 23.
915 1210 993 1249 quid
1019 1209 1116 1247 egerit
1132 1208 1164 1238 in
1181 1218 1218 1238 ea
1238 1207 1324 1247 lega-

166 1252 267 1289 tione,
292 1259 447 1289 narratur,
465 1263 601 1292 31—53.
619 1260 651 1283 et
669 1263 719 1293 39.
742 1252 811 1290 ejus
835 1254 935 1283 oratio
960 1253 991 1282 in
1017 1251 1156 1282 concilio
1182 1253 1323 1281 Achaeo-

165 1304 251 1332 rum,
279 1305 332 1334 49.
357 1295 470 1326 leniter
497 1298 640 1336 increpat
663 1297 885 1336 Diophanem,
910 1296 1108 1326 Achaeorum
1138 1301 1320 1334 praetorem,

167 1339 219 1375 36,
238 1348 288 1376 3¹·
313 1339 380 1376 ejus
397 1340 497 1369 oratio
522 1341 555 1369 in
582 1339 722 1369 concilio
742 1340 953 1376 Achaeorum,
971 1349 1023 1377 32.
1047 1339 1072 1368 it
1097 1337 1320 1377 Naupa6tum,

168 1389 219 1420 34.
243 1381 312 1418 ejus
328 1390 422 1421 opem
443 1382 617 1421 implorant
635 1382 750 1419 AEtoli,
763 1381 835 1410 ibid.

209 1430 334 1454 creatur
346 1426 468 1461 censor,
487 1434 540 1464 37,
558 1426 610 1463 58.
634 1425 703 1463 ejus
718 1424 859 1454 censurae
875 1423 957 1460 aaa,
971 1425 1026 1462 38,
1044 1424 1096 1454 28.
1119 1422 1236 1461 legatio
1251 1421 1320 1460 ejus

166 1466 206 1496 ad
223 1466 376 1502 Prufiam,
392 1468 496 1497 fatalis
514 1467 680 1504 Annibali,
698 1478 752 1507 39,
772 1475 822 1506 51.
839 1473 870 1496 et
887 1467 939 1506 56.

121 1509 161 1540 T.
180 1510 334 1540 Quintius
352 1510 554 1541 Flamininus
571 1510 664 1541 ludos
679 1512 744 1541 edit
762 1511 872 1540 mortis
887 1508 992 1540 caussa
1009 1509 1104 1548 patris
1120 1508 1180 1545 sui,
1195 1517 1251 1547 41,
1267 1516 1319 1546 33.

165 1551 287 1591 legatus
304 1554 336 1583 in
352 1554 542 1591 Thraciam,
568 1555 689 1584 reducit
704 1553 839 1590 obfides,
856 1560 910 1593 45,
925 1563 979 1592 42.
1003 1561 1104 1590 augur
1119 1552 1152 1581 in
1169 1551 1206 1582 C.
1224 1550 1323 1582 Clau-

165 1596 207 1625 dii
226 1596 337 1626 locum
354 1596 482 1636 legitur,
497 1608 549 1636 44.

122 1638 298 1669 Quirinalis
316 1639 448 1670 Flamen
466 1650 484 1670 a
500 1641 612 1671 Numa
626 1646 762 1676 creatur,
782 1649 812 1677 1,
831 1649 882 1670 20.
898 1637 965 1668 vid.
984 1637 1130 1668 Flamen.

123 1682 299 1712 Quirinalis
315 1682 406 1713 collis
422 1684 549 1713 additus
562 1683 646 1720 urbi,
669 1693 698 1719 ι,
716 1692 771 1722 44.

123 1725 290 1762 Quirinus,
313 1736 341 1761 r,
361 1735 410 1756 20.
435 1735 467 1764 5,
485 1737 536 1767 52.
562 1728 592 1762 8,
612 1738 642 1766 9.
675 1728 728 1762 28,
749 1734 798 1755 11-

124 1767 252 1798 Quirini
268 1769 364 1803 aedes,
382 1779 416 1808 4,
436 1779 486 1800 21.
513 1771 565 1806 28,
586 1779 635 1800 ιι.
659 1769 835 1804 dedicatur,
852 1773 882 1797 et
898 1772 1072 1796 exornatur
1093 1764 1235 1795 hostiurn
1250 1763 1321 1803 spo-

166 1809 224 1843 liis,
247 1821 297 1847 ro,
315 1813 369 1850 46.

125 1853 264 1883 Quirites
281 1855 365 1884 uude
381 1855 454 1884 dieti
471 1855 484 1884 ?
514 1864 542 1891 1,
563 1863 610 1893 13.
635 1860 671 1884 ut
689 1854 830 1884 Quirites
845 1860 961 1884 omnes
984 1856 1153 1882 teneantur
1175 1849 1322 1890 plebisci-

168 1897 220 1931 tis,
236 1896 287 1926 lex
304 1897 380 1933 lata,
397 1899 428 1934 8,
447 1907 496 1928 12.

124 1938 302 1970 Quiritium
319 1940 408 1978 foffa,
425 1940 492 1970 vid.
511 1939 610 1970 Foffa.

702 2137 742 2168 R.

127 2237 241 2267 MAN.
265 2220 526 2270 RABULEms
543 2238 706 2269 decemvir
722 2245 856 2270 creatur,
875 2247 901 2276 3,
921 2244 973 2277 35·

126 2279 263 2316 Racilia,
278 2290 358 2310 uxor
376 2282 407 2311 L.
424 2282 548 2312 Quintii
566 2282 766 2317 Cincinnati,
785 2291 816 2320 3,
835 2282 885 2312 26.

129 2323 177 2352 M.
196 2323 333 2360 Raecius,
351 2323 473 2364 legatus
490 2325 521 2354 in
539 2325 693 2362 Galliam,
713 2333 765 2361 27,
783 2327 833 2362 36.

130 2366 178 2397 M.
197 2366 322 2396 Raecius
339 2374 460 2397 creatur
477 2376 603 2407 praetor,
620 2375 650 2397 et
668 2368 791 2397 sortitur
810 2363 1061 2404 jurisdiffionem
1077 2362 1248 2398 urbanam,
1264 2371 1322 2401 43,

166 2418 198 2447 4.
215 2409 317 2440 edicto
333 2410 487 2441 senatores
503 2420 616 2441 omnes
631 2420 671 2441 ex
689 2416 754 2440 tota
773 2409 865 2439 ltalia
883 2409 1022 2439 Romam
1040 2413 1178 2444 revocat,
1196 2415 1245 2445 ¹3·
