1572 2616
464 124 702 162 PLEBExAE
738 124 956 154 GENTES.

512 255 598 281 „as-5

114 292 162 323 M.
180 291 398 322 AURELIUS
423 291 471 320 M.
490 291 525 321 F.

115 344 145 365 1..
171 345 206 365 N.
233 344 361 364 οοττΑ.
407 333 526 364 Consul

113 386 192 408 cum
216 378 263 408 M.
281 377 418 412 Licinio,
440 387 527 407 anno

113 421 187 458 679.
225 421 435 451 Caffiodorus.
470 420 527 450 As-

111 465 227 494 conius
241 465 274 494 in
283 463 525 494 Cornelianam.

113 592 165 622 M.
246 592 273 621 A
286 591 317 621 U
330 591 357 621 R
369 591 393 621 E
407 592 430 621 L
441 592 452 621 1
465 593 494 621 U
507 592 527 622 S

112 637 310 665 ‘setianus
330 635 474 664 Guststor
492 635 525 664 L.

113 678 232 708 Flacci.
266 678 378 708 Cicero
394 679 528 708 Verrina

112 722 218 760 prima
232 727 264 751 et
279 722 381 751 tertia.
408 721 527 752 Consul

114 774 192 795 cum
214 764 280 795 Ser.
297 764 453 804 Sulpicio,
470 774 528 794 an-

115 817 158 837 no
197 808 270 847 645.
316 807 526 838 Caffiodorus.

112 849 178 881 Jul.
194 850 392 888 Obsequens.
432 851 529 890 Lega-

115 900 166 923 tus
194 893 232 924 C.
262 893 389 923 Manilii
418 903 484 924 cos.
510 903 528 923 a

113 936 255 967 Cimbris
279 945 404 976 captuS,
423 946 528 976 quum

113 980 148 1010 in
161 979 331 1010 confilium
347 980 439 1010 abiis
455 989 529 1010 evo-

115 1030 206 1053 catus
222 1023 388 1053 deterreret
405 1032 472 1059 eos,
488 1033 528 1053 ne

115 1066 213 1105 Alpes
237 1066 415 1102 transirent,
440 1066 528 1096 Itali-

114 1117 169 1139 am
187 1109 327 1148 petituri,
341 1110 428 1148 quod
442 1110 528 1139 dice-

116 1159 162 1182 ret
180 1152 346 1182 Romanos
363 1153 446 1182 vinci
461 1162 528 1183 non

117 1195 211 1235 pofl'e,
239 1205 257 1225 a
288 1195 433 1234 Boiorige
458 1205 528 1234 rege

115 1238 214 1268 feroci
252 1238 373 1275 juvene
406 1239 529 1268 occisus

116 1281 171 1311 est.
197 1280 346 1319 Epitome
362 1280 457 1311 lxvii.
484 1282 530 1311 Ο-

118 1323 216 1353 rofius
243 1323 297 1354 lib.
325 1333 354 1354 v.
379 1333 450 1363 cap.
479 1326 528 1355 16.

117 1366 294 1397 Aimilium
307 1367 458 1397 mendose
473 1376 531 1406 ap-

119 1409 228 1449 pellat.
273 1410 427 1440 Meminit
457 1410 532 1440 Vel·

118 1452 198 1483 leius
236 1452 419 1484 Paterculus
451 1452 533 1484 libro

120 1496 272 1526 fecundo.

546 208 566 226 ᾗ

593 291 630 321 C.
679 290 898 320 AURELIUS

597 343 637 364 M.
654 343 683 364 e.
702 343 732 364 ι..
756 343 790 364 N.
815 343 900 364 co'r-

595 387 653 407 τΑ.
684 377 804 407 Consul
821 386 900 407 cum

595 421 630 451 L.
645 420 794 457 Oflavio,
812 430 901 450 anno

594 465 670 501 678.
689 463 900 494 Caffiodorus.

596 507 754 537 Summus
772 507 825 536 hic
840 507 901 537 fuit

595 556 713 586 orator,
745 557 779 579 ut
814 557 901 589 patet

595 603 634 623 ex
666 593 832 622 Ciceronis
863 592 901 622 li-

595 637 657 666 bris
691 636 729 666 de
768 636 901 666 Oratore

595 686 624 708 et
642 680 751 709 Bruto.
783 679 901 718 Legem

595 722 670 752 tulit
713 730 749 752 ut
793 723 902 752 liceret

595 766 690 795 tribb.
736 765 779 805 pl.
821 765 900 795 alios

595 809 796 847 magistratus
847 818 899 838 ca-

594 861 677 891 pere.
715 852 827 882 Cicero
843 862 900 891 pro

595 894 758 932 Cornelio,
785 902 814 924 et
844 895 902 926 As-

595 938 720 968 conius.
757 938 804 968 Ex
822 947 901 968 con-

596 981 699 1011 sulatu
735 981 767 1011 in
800 981 902 1012 Galli-

595 1034 648 1054 am
667 1034 745 1055 cum
767 1025 902 1063 imperio

597 1067 754 1108 profectus
787 1069 843 1104 est,
870 1076 902 1098 et

595 1120 700 1150 quum
725 1110 770 1140 illi
794 1112 901 1142 decre-

596 1160 648 1184 tus
682 1154 756 1184 esset
787 1155 900 1184 trium-

597 1198 694 1236 phus,
752 1205 900 1228 mortuus

596 1241 640 1269 est
655 1247 729 1270 ante
743 1241 830 1270 diem
842 1241 901 1270 tri-

596 1284 725 1322 umphi.
742 1284 854 1314 Cicero
869 1290 900 1314 et

597 1326 755 1357 Asconius
785 1328 817 1358 in
851 1327 901 1357 Pi-

598 1369 720 1401 sonem.

920 206 940 224 st

1230 124 1314 166 129

890 253 975 280 pah,

968 290 1004 319 L.
1028 289 1246 320 AURELIUS
1266 290 1316 321 M.

970 342 998 363 ιν.
1040 343 1072 363 1..
1109 343 1143 363 N.
1186 342 1316 365 εοττΑ.

968 376 1098 413 Praetor‚
1127 385 1214 406 anno
1242 378 1315 416 683.

967 420 1096 449 Judicia
1125 420 1166 450 ad
1194 421 1318 459 equites

969 463 1136 492 Romanos
1181 465 1317 493 transtu-

969 506 1017 535 lit.
1046 506 1130 545 Epir.
1147 507 1244 535 xcvii.
1260 506 1318 537 As-

968 549 1084 579 conius
1115 549 1148 578 in
1179 549 1319 590 Pisonia-

968 601 1060 628 nam,
1081 591 1205 630 judicia
1224 592 1264 622 ab
1280 593 1317 625 L.

967 635 1099 665 Aurelio
1124 636 1206 665 inter
1230 635 1320 667 sena-

968 684 1055 715 turn,
1078 678 1202 717 equites
1225 679 1265 710 R.
1286 687 1318 711 et

968 721 1063 751 tribb.
1083 723 1209 752 aerarios
1226 732 1319 754 com-

969 766 1138 795 municata
1200 765 1317 798 scribit.

969 808 1060 838 Idem
1084 809 1147 838 fere
1180 809 1320 842 Velleius

967 851 1049 881 libro
1093 852 1127 882 ii.
1197 852 1321 885 Consul

969 903 1046 925 cum
1096 895 1132 926 L.
1178 896 1317 935 Manlio,

970 947 1058 968 anno
1088 939 1161 969 688.
1200 939 1320 971 Caffio-

970 981 1077 1012 dorus.
1127 981 1192 1012 Dio
1236 983 1318 1015 libro

970 1025 1096 1055 xxxvii.
1159 1025 1318 1059 Asconius

971 1068 1006 1097 in
1077 1068 1318 1103 Cornelianam.

969 1110 1089 1141 Censor
1105 1121 1182 1142 cum
1200 1113 1232 1144 P.
1246 1114 1319 1145 Ser-

968 1154 1059 1190 vilio,
1108 1164 1195 1185 anno
1241 1159 1316 1197 689.

968 1197 1158 1228 Plutarchus
1177 1199 1210 1228 in
1226 1200 1317 1232 Cice—

969 1249 1057 1270 rone.
1104 1241 1218 1272 Cicero
1259 1254 1316 1284 pro

968 1284 1078 1314 domo.
1162 1285 1317 1319 Meminit

968 1326 1054 1357 idem
1093 1336 1149 1365 pro
1190 1329 1314 1369 Sextio,

967 1377 998 1399 et
1014 1369 1095 1400 libro
1116 1371 1154 1402 de
1178 1372 1316 1414 Legibun

968 1418 1070 1443 tertio.
