1572 2616
191 147 216 178 2
534 146 702 176 INDEX
737 145 794 174 IN
828 146 874 175 Τ.
899 146 1036 176 len

274 224 316 255 ob
331 225 411 255 duos
429 224 576 263 juvenes,
595 226 627 255 in
643 225 762 256 Cereris
777 224 893 261 initiis,
915 226 956 256 ab
979 225 1227 257 Atheniensibus
1245 224 1371 257 interfe-

231 268 312 305 ctos,
327 269 471 298 Atticam
485 268 719 308 depopulantur
734 268 855 298 auxilio
872 269 1105 306 Macedonum,
1123 279 1174 308 31,
1192 279 1241 309 14.

273 320 385 341 eorum
408 311 587 341 concilium
612 312 791 341 Leucadem
818 311 981 349 indicitur,
1004 322 1058 351 33,
1078 315 1126 342 16.
1150 312 1301 352 respuunt
1323 310 1371 340 so-

229 354 380 384 cietatem
411 354 607 391 Romanam,
633 354 704 385 ibid.
733 355 767 384 in
794 354 991 385 deditionem
1018 355 1129 395 populi
1156 354 1296 386 Romani
1318 362 1374 383 ve·

229 403 337 432 munt,
359 404 408 433 17.

272 446 436 469 tentantur
451 439 490 468 ab
506 439 683 476 Antiocho,
701 439 753 478 36,
774 448 824 470 11.
841 445 873 469 et
891 449 941 471 12.

271 483 484 511 Acarnanum
501 482 665 518 fafitiones,
681 491 736 522 43,
757 491 807 520 19.
865 478 870 483 ⁴

272 534 385 554 eorum
401 524 539 555 concilio
555 525 675 555 Leucas
689 525 856 562 eximitur,
870 531 926 565 45,
945 534 998 564 31.

185 567 368 599 Acarnania
382 568 465 598 inter
479 567 636 597 AEtoliam
652 574 748 607 atque
763 568 896 607 Epirum
913 568 1024 608 polita,
1042 576 1097 607 33,
1116 575 1167 606 17.

183 613 397 642 Acarnanum
413 617 534 650 portuS,
551 612 604 648 28,
626 617 654 647 7.

182 653 334 688 Accens1‚
354 662 449 691 1,43.
474 655 506 690 8,
523 654 553 683 8.

183 697 305 726 Accius
320 696 458 732 Navius,
475 704 589 734 augur,
605 701 713 725 cotem
729 695 888 726 novacula
903 695 1038 733 discidit,
1060 705 1089 734 1,
1105 696 1156 734 36.

183 741 296 769 Accua
313 738 482 778 oppidum,
500 739 530 768 vi
548 745 694 777 captum,
713 748 765 777 24,
782 749 834 770 20.

183 782 298 811 Vibius
313 782 485 816 Accuaeus,
502 781 569 810 vid.
581 781 705 811 Vibius.

182 826 311 855 Acerrae
327 824 456 862 direptae
472 830 503 853 et
519 823 655 853 incensae
671 833 689 853 a
705 824 822 861 Poenis,
841 833 894 862 23,
917 831 964 860 17.
988 823 1210 861 restituuntur,
1224 829 1277 861 27,
1297 832 1327 862 3.
1367 827 1396 852 0

183 867 353 897 Acerranis
367 867 478 896 civitas
495 866 559 896 fine
576 867 720 905 suffragio
736 867 822 904 data,
841 867 872 905 8,
893 874 942 904 17.

183 910 322 946 Achaia,
342 918 395 949 25,
413 916 463 949 15.
488 918 541 947 31,
561 910 614 939 26.

183 953 298 983 Achaei
314 951 473 981 auxilium
490 953 662 990 impetrant
677 961 695 981 a
710 951 857 991 Philippo
874 958 984 982 contra
1009 951 1242 983 Machanidam
1260 956 1293 981 et
1313 950 1372 981 AE-

228 994 322 1031 telos,
340 1003 392 1031 27,
409 1005 460 1034 29.
504 994 653 1034 Philippo
677 995 717 1024 ad
738 995 862 1033 Dymas
885 1001 1069 1032 occurrunt,
1087 1004 1139 1033 31.
1161 1003 1240 1026 cum
1255 992 1374 1024 AEtolis

227 1037 373 1076 Eleisque
390 1038 429 1067 ad
448 1037 608 1066 Meffenen
627 1038 768 1076 prospere
785 1044 942 1076 pugnant,
963 1048 1014 1076 32.

184 1081 383 1112 Achaeorum
400 1079 577 1109 concilium
593 1080 694 1118 AEgii,
714 1081 766 1115 28,
782 1088 811 1116 7.
828 1087 859 1109 et
875 1081 905 1110 8.

271 1129 302 1152 et
319 1123 423 1161 Argis,
437 1122 492 1152 ubi
511 1123 549 1151 de
564 1122 649 1151 bello
665 1122 847 1152 consultant
862 1122 1007 1152 adversus
1023 1121 1146 1157 Nabin,
1166 1129 1217 1158 31,
1233 1127 1285 1161 25.

185 1166 298 1197 Achaei
316 1166 515 1204 pepigerunt,
534 1165 563 1194 se
579 1165 751 1203 quotannis
764 1165 922 1201 juraturos
939 1165 972 1194 in
986 1164 1081 1194 verba
1097 1163 1250 1202 Philippi,
1269 1173 1321 1201 32,
1341 1168 1370 1200 5·

228 1209 266 1238 iis
282 1208 431 1247 quaedam
450 1208 542 1237 urbes
560 1208 745 1243 redduntur,
763 1207 834 1236 ibid.
852 1217 905 1237 eos
921 1217 939 1237 a
955 1207 1101 1237 societate
1118 1206 1255 1244 Philippi
1271 1205 1372 1235 abdu-

227 1260 298 1281 cere
322 1256 457 1280 conatur
477 1250 517 1280 T.
536 1250 690 1280 Quintius
704 1249 829 1286 consul,
852 1259 901 1288 19.
923 1251 989 1289 post
1005 1249 1137 1287 longam
1153 1255 1183 1278 et
1196 1248 1372 1288 ancipitem

228 1293 490 1324 deliberationem
508 1292 664 1322 Romanis
681 1293 709 1323 se
725 1292 920 1331 adjungunt,
937 1302 989 1323 20.
1006 1299 1036 1321 et
1052 1291 1138 1330 seqq.

273 1335 386 1375 proelio
407 1336 548 1365 fundunt
570 1335 843 1372 Androsthenem,
867 1330 991 1373 33,'14.
1006 1343 1140 1364 omnem
1156 1342 1269 1364 eorum
1283 1341 1375 1363 oram

228 1379 354 1409 vastant
369 1378 471 1417 copiae
488 1377 642 1416 Philippi,
659 1377 731 1407 ibid.
747 1378 785 1407 iis
801 1378 865 1407 suae
881 1377 1055 1407 redduntur
1070 1376 1176 1412 urbes,
1194 1385 1245 1414 34.

271 1428 303 1451 et
319 1421 574 1451 Acrocorinthus
590 1420 733 1456 traditur,
753 1429 804 1459 34,
823 1428 874 1460 50.

268 1463 396 1494 bellum
420 1463 566 1493 adversus
589 1463 698 1493 Nabin
721 1462 911 1500 decernunt,
928 1468 981 1501 35,
998 1468 1050 1501 25.
1069 1470 1123 1491 eos
1145 1465 1246 1490 tentat
1261 1459 1377 1488 Antio-

228 1509 322 1543 chus,
366 1514 393 1543 7.

273 1516 418 1579 obfigent
443 1547 608 1577 Messenen
635 1547 669 1576 in
690 1546 920 1586 Peloponneso,
949 1545 1002 1584 36,
1021 1554 1072 1584 31.
1095 1544 1225 1574 tradunt
1251 1543 1377 1583 Zacyn-

229 1594 328 1623 thum
344 1591 514 1627 Romanis,
532 1599 583 1628 32.

272 1634 511 1673 depopulantur
536 1641 625 1662 oram
658 1631 856 1661 maritimam
886 1629 1084 1665 AEtolorum,
1113 1635 1166 1668 37,
1180 1637 1212 1667 4.
1242 1628 1377 1657 mittunt

229 1677 391 1708 auxilium
414 1674 524 1705 Attalo
546 1674 690 1714 Pergami
707 1673 836 1710 obsesso,
856 1682 907 1704 20.
952 1673 1126 1703 Seleucum
1149 1681 1189 1701 ex
1211 1679 1285 1709 agro
1307 1669 1379 1699 Per-

229 1729 368 1760 gameno
384 1719 481 1748 castra
497 1727 625 1747 movere
640 1723 774 1755 cogunt,
793 1726 842 1746 21.

274 1763 452 1793 decernunt
466 1759 592 1790 bellum
615 1761 648 1789 in
673 1759 947 1795 Lacedaemonios,
966 1757 1018 1796 38,
1037 1766 1088 1796 3²·
1104 1756 1217 1795 eosque
1231 1754 1378 1785 Achaico

232 1805 373 1836 concilio
390 1804 613 1839 contribuunt,
632 1812 684 1842 34.

189 1850 327 1880 Achaeos
342 1847 398 1877 sibi
416 1846 620 1875 reconciliare
636 1845 738 1875 studet
753 1843 892 1881 Perseus,
909 1852 964 1882 41,
983 1842 1034 1874 28.
1079 1839 1314 1872 Macedonibus
1330 1839 1379 1870 in-

233 1891 427 1922 terdixerant
443 1889 561 1918 finibus
578 1888 652 1923 suis,
670 1887 742 1917 ibid.

191 1935 304 1965 Achaei
320 1932 508 1966 funditores,
528 1932 578 1967 38,
597 1940 648 1968 29.

192 1977 304 2008 Achaei
324 1975 483 2005 Phthiotae
500 1973 586 2002 liberi
602 1972 661 2002 effe
674 1971 840 2010 jubentur,
858 1980 911 2010 33,
930 1979 981 2009 32.
997 1969 1062 2001 vid.
1077 1974 1108 1999 et
1125 1967 1177 2007 36,
1197 1973 1247 2006 15.

191 2021 390 2050 Achaeorum
409 2022 530 2055 poltuS,
549 2022 601 2054 37,
620 2027 650 2055 9.

192 2063 356 2096 Acharrae,
374 2059 545 2098 oppidum,
565 2067 615 2096 32.
636 2067 682 2096 ¹3.

195 2105 371 2137 Achelouc„
390 2102 508 2133 amnis.
524 2109 579 2138 43,
596 2111 648 2131 21.
664 2105 694 2130 et
711 2109 763 2130 22.

193 2149 357 2178 Acheron.
372 2145 502 2179 fluvius,
520 2145 552 2178 8,
572 2153 623 2183 24.

194 2188 370 2221 Acherusia
385 2195 480 2224 aqua.
497 2185 568 2214 ibid.

195 2232 352 2267 Achillas,
370 2230 510 2268 Epitom.
529 2237 602 2259 ιιι.

196 2275 327 2309 Achivi,
348 2282 376 2309 ι,
400 2283 426 2302 1.

197 2316 396 2352 Achradina,
422 2323 474 2354 24,
493 2323 544 2344 21.
570 2319 623 2353 25,
640 2321 691 2352 24.
707 2311 949 2343 circumsidetur
965 2319 983 2341 a
999 2309 1166 2348 Marcello,
1185 2315 1236 2350 25,
1252 2309 1302 2342 26.
1325 2307 1378 2338 de—

241 2360 325 2392 ditur
341 2357 510 2395 Romanis,
529 2365 579 2396 3¹·
