1572 2616
458 179 843 210 mSTomARUM
875 177 1081 209 Lrssnos.
1279 166 1356 222 1'7'7

163 259 217 290 lex
233 268 252 290 a
266 259 556 298 Decemvirislata,
574 270 614 290 ne
638 260 843 291 connubium
858 260 1004 291 Patribus
1019 267 1096 291 cum
1112 257 1204 299 plebe
1219 259 1306 299 esset,
1322 271 1357 301 4,

209 310 238 342 5.
265 304 378 333 iterum
395 303 554 341 abrogata,
576 305 668 333 1-6,

162 345 268 376 Patres
284 346 484 376 tribunatum
499 356 609 386 capere
625 346 849 386 prohibentur,
867 356 899 383 2,
918 355 970 385 33.

161 388 291 419 Patrum
306 398 343 419 ac
361 388 461 428 plebis
477 391 665 428 certamina,
680 399 844 419 venenum
859 389 947 419 urbis
963 389 1090 426 Romae,
1108 398 1140 427 3,
1157 389 1210 425 67.

161 431 291 461 Patrum
315 432 514 472 indulgentia
538 433 572 462 in
594 432 736 473 plebem,
753 443 784 469 2,
803 441 833 471 9.
849 432 915 463 vid.
932 432 1070 469 Patricii,
1096 432 1275 470 Senatores,
1297 432 1353 463 Se-

206 481 311 505 natus.

159 516 289 546 Patrurn
310 517 452 555 juniores
474 517 620 548 resistunt
640 518 788 556 tribunis,
805 528 837 558 3,
856 527 905 558 14.
931 516 1061 558 injurias
1075 519 1177 549 facere
1193 518 1355 559 incipiunt

227 559 301 597 lebi,
320 562 336 589 6
363 583 371 590 .

159 569 279 639 Patpera,
296 568 505 643 ex5quinque
527 603 636 643 pondo
651 605 719 634 auri
735 603 828 640 faeta,
846 604 908 643 regi
933 604 1073 645 Syphaci
1090 605 1230 635 mittitur
1251 604 1351 641 dono,

202 654 255 681 27,
272 656 304 685 4.

156 686 302 718 Pateram
315 698 444 719 auream
463 688 632 719 Mafiniffae
648 690 747 720 donat
764 690 885 729 Scipio,
903 699 956 728 30,
977 697 1027 730 15.

156 730 274 761 Paterae
290 739 350 761 tres
366 741 481 767 aureae,
498 741 575 762 cum
592 732 685 762 titulo
709 733 851 763 nominis
867 732 1010 771 Camilli,
1027 733 1060 763 in
1075 733 1163 763 Jovis
1178 731 1260 764 cella
1275 739 1349 763 ante

200 775 294 813 pedes
308 775 444 804 Junonis
458 775 580 814 positae,
599 777 626 808 6,
643 785 676 815 4.

156 815 273 847 Paterae
290 827 392 847 aureae
407 827 447 848 ex
465 818 663 849 mulfflaticia
680 818 818 858 pecunia
830 818 869 848 ad
883 818 1003 849 Cereris
1019 818 1139 858 positae,
1161 827 1212 855 10,
1231 828 1282 858 23.

154 875 198 881 —
214 860 361 890 ducentae
378 861 576 900 septuaginta
600 862 653 893 sex
673 871 790 898 aureae,
809 867 902 902 capta
918 861 1112 900 Carthagine
1128 870 1225 900 nova,
1240 860 1347 892 relatae

197 903 237 932 ad
253 904 451 942 Scipionem,
470 905 523 940 26,
540 912 594 943 47.

153 944 276 976 Pateras
292 955 401 976 aureas
416 946 509 985 legari
525 956 544 976 a
559 947 656 977 Paesto
671 946 812 977 Romam
826 947 985 985 adferunt,
1005 957 1057 984 22,
1078 948 1129 985 36.

153 987 266 1025 Pati-ze,
284 989 357 1019 urbs
373 990 518 1026 Achaiae,
537 998 589 1027 27,
609 1000 658 1028 29.
683 992 737 1028 36,
757 1000 808 1021 21.
834 993 887 1029 38,
906 1001 954 1030 29.

152 1030 266 1068 Patria,
282 1041 348 1062 non
365 1032 437 1062 sunt
451 1032 532 1063 rebla
548 1033 648 1071 urbis,
663 1039 694 1062 et
711 1033 802 1062 turba
819 1033 969 1071 imbellis,
986 1033 1037 1064 sed
1056 1032 1210 1071 Juventus
1226 1032 1346 1064 milita-

196 1083 235 1103 ris
339 1097 346 1104 .

149 1086 389 1148 Patrip'e9c’a‘iitas
406 1127 460 1157 per
480 1127 595 1148 omnes
618 1118 743 1148 ordines
766 1118 855 1149 velut
877 1129 945 1150 uno
968 1125 1077 1149 tenore
1101 1119 1272 1159 pertinens,
1290 1127 1345 1159 23,

149 1171 274 1233 Patrgicii
293 1203 378 1233 unde
394 1203 569 1243 appellati?
599 1214 627 1241 1,
648 1205 677 1234 8.
694 1203 759 1235 vid.
776 1210 804 1234 et
823 1213 873 1240 10,
892 1204 922 1235 8.

146 1261 190 1268 -
206 1246 422 1285 gloriabantur
437 1256 533 1286 penes
558 1247 586 1277 se
609 1247 750 1286 auspicia
772 1247 844 1285 esse,
862 1248 890 1277 se
916 1248 995 1278 solos
1021 1253 1152 1288 gentem
1166 1248 1296 1285 habere,
1313 1255 1344 1279 et

186 1289 308 1327 justum
326 1290 497 1329 imperium
521 1297 552 1320 et
576 1291 756 1330 auspicium
780 1291 869 1321 domi
893 1291 1095 1330 militiaeque,
1116 1301 1166 1329 10,
1185 1292 1213 1322 8.
1231 1291 1297 1322 vid.
1314 1299 1343 1322 es

193 1333 224 1366 6³
241 1342 293 1370 4¹·
320 1341 349 1369 3⁵
371 1342 395 1362 ¹·
423 1340 452 1369 7>
473 1334 502 1363 6·

147 1373 296 1404 Patricios
313 1376 393 1404 inter
409 1383 439 1405 et
456 1375 594 1414 plebeios
611 1383 773 1406 certamen
789 1377 827 1406 de
848 1376 1025 1410 consulatu,
1042 1388 1077 1416 4,
1098 1386 1125 1407 1.
1139 1383 1168 1406 et
1181 1377 1268 1419 fiqq.
1291 1377 1340 1408 di-

191 1412 330 1447 remtum
347 1419 504 1448 creatione
528 1419 731 1449 tribunorum
754 1420 895 1449 militum
913 1419 1069 1450 consulari
1085 1421 1249 1459 potestate,
1266 1430 1338 1460 pro-

189 1461 309 1490 miscue
326 1471 364 1490 ex
382 1461 525 1491 Patribus
542 1468 572 1490 et
589 1461 680 1500 plebe
698 1462 940 1500 sumendorum,
957 1464 986 1493 6.
1011 1470 1213 1500 renovatum,
1232 1463 1263 1500 6,
1283 1470 1336 1503 34.

187 1504 308 1545 etstqq.
327 1504 499 1534 vincuntur
512 1504 650 1541 Patricii,
665 1514 718 1544 42.
741 1505 886 1536 adversus
898 1505 1004 1545 legem
1018 1506 1175 1536 Liciniam
1189 1506 1336 1537 Sextiam

188 1547 252 1576 duo
278 1547 401 1576 Patricii
427 1547 573 1577 consules
595 1548 704 1585 creati,
723 1554 749 1585 7,
770 1548 820 1579 18.
839 1557 890 1589 19.
908 1559 958 1580 22-
977 1559 1028 1590 24.
1045 1555 1077 1579 et
1094 1550 1145 1581 28.
1169 1549 1255 1580 idem
1271 1550 1338 1580 fra-r

185 1591 244 1620 stra
260 1596 433 1626 tentatum,
456 1600 506 1627 10,
529 1600 574 1630 ¹5·

142 1632 266 1662 Patricii
285 1638 455 1672 praeturam
472 1640 503 1663 et
519 1632 706 1663 aedilitatem
724 1633 883 1672 curulem,
898 1643 953 1674 pro
968 1634 1115 1666 concesso
1131 1634 1214 1676 plebi
1231 1634 1331 1667 altero

184 1676 363 1711 consulatu,
380 1675 433 1706 fibi
451 1684 613 1715 quaerunt,
627 1677 658 1712 6,
676 1686 729 1716 42.
749 1686 776 1714 7,
795 1687 822 1707 1.

141 1718 346 1748 Patriciorum
363 1720 418 1755 est,
438 1719 566 1758 prodere
584 1720 785 1759 interregem,
803 1722 835 1758 6,
851 1730 905 1761 41.

139 1761 278 1791 l'atriciis
298 1761 410 1801 plebeii
436 1763 633 1800 magistratus
649 1770 716 1792 non
732 1770 856 1802 parent,
872 1774 904 1803 4,
923 1771 974 1804 25.
998 1763 1121 1794 Patricii
1139 1765 1329 1797 consulares—

182 1813 242 1842 que
259 1805 324 1834 duo
340 1805 457 1834 tribuni
476 1805 588 1844 plebis,
607 1815 636 1843 3,
650 1806 701 1844 65.

138 1845 287 1876 patricios
310 1848 390 1877 inter
410 1854 440 1877 et
460 1847 598 1887 plebeios
619 1855 781 1878 certamen
806 1849 844 1879 de
869 1849 1059 1887 sacerdotiis,
1081 1859 1132 1887 10,
1151 1853 1179 1882 6.
1197 1857 1225 1880 et
1237 1851 1328 1894 seqq.

180 1889 245 1919 vid.
263 1896 290 1918 et
308 1897 360 1926 27,
379 1891 409 1919 8.

134 1932 174 1962 de
193 1933 398 1963 l'atriciorum
416 1932 559 1971 superbia
575 1938 605 1962 et
620 1932 751 1964 libidine
768 1933 916 1973 querelae,
933 1945 965 1974 4,
984 1944 1078 1976 3——5-
1104 1936 1136 1974 6,
1153 1937 1205 1975 36.
1222 1944 1252 1968 et
1269 1945 1324 1977 37.

135 1975 260 2006 Patricii
279 1976 311 2005 in
329 1985 399 2005 arce
415 1982 470 2005 aut
486 1975 644 2015 Capitolio
659 1976 800 2007 habitare
816 1978 917 2015 vetiti,
935 1980 966 2015 6,
985 1988 1036 2009 20.

132 2019 257 2048 Patricii
276 2019 487 2057 magistratus,
506 2021 539 2055 6,
552 2029 604 2058 41.

133 2061 275 2091 Patriciae
290 2061 454 2092 Pudicitiae
468 2061 633 2097 sacellum,
655 2071 705 2100 10,
723 2073 774 2100 23.

133 2103 259 2134 Patrimi
277 2112 307 2134 et
322 2105 461 2135 matrimi
478 2106 516 2134 ad
533 2105 724 2135 sacrificium
742 2106 889 2142 adhibiti,
908 2113 960 2144 37,
977 2115 1006 2144 3.

129 2145 286 2176 Patrocles
300 2147 537 2186 Antigonenfis,
553 2148 716 2188 praefefitus
731 2148 842 2186 Persei,
858 2158 913 2188 42,
933 2150 984 2189 58.

130 2188 273 2226 Paullus,
290 2190 354 2219 vid.
372 2189 536 2222 AEmilius.

129 2232 307 2271 Paupertati
323 2235 425 2264 honos
442 2234 570 2264 habitus
584 2234 618 2264 in
634 2235 760 2265 civitate
777 2235 939 2273 Romana,
953 2234 1041 2266 Praef.
1058 2235 1124 2265 Liv.
1144 2245 1174 2272 2,
1197 2237 1244 2267 16.
1262 2247 1314 2277 33.

174 2285 205 2313 3,
225 2275 274 2306 26.
288 2281 318 2304 et
336 2283 386 2312 27.

124 2317 306 2354 Pausanias,
321 2324 434 2356 praetor
450 2318 662 2357 Epirotarum,
677 2329 731 2359 32,
753 2330 802 2351 ιο.

126 2360 307 2396 Pausanias,
323 2361 388 2390 dux
407 2361 622 2399 Pheraeorum,
641 2364 694 2400 36,
709 2373 739 2401 9.

122 2403 338 2441 Pausistratus,
356 2409 470 2444 praetor
492 2404 706 2440 Rhodiorum,
724 2415 776 2443 33,
797 2406 845 2437 18.
870 2404 1034 2446 praefectus
1057 2405 1170 2446 claffis,
1190 2408 1241 2446 36,
1257 2416 1311 2448 45.

695 2448 744 2489 15
