1572 2616
193 184 252 232 52
543 186 707 217 mnssx
742 182 797 217 nr
830 188 876 218 r.
900 187 1031 218 L1v11

239 266 309 298 ludi
325 275 380 307 per
394 266 602 307 quatriduum
626 267 712 305 faeti,
733 277 785 306 30,
804 274 854 305 27.
878 268 971 299 Circo
995 268 1163 306 inundato,
1179 267 1246 299 ludi
1263 269 1386 309 Apolli-

239 319 331 341 nares
343 316 433 341 extra
449 318 574 350 portam
589 311 751 341 Collinam
769 312 881 351 parati,
899 321 953 351 30,
969 312 1020 350 38.

196 352 321 390 Cirrha,
338 362 393 392 42,
414 361 463 393 15.

195 396 295 432 Cirta,
314 407 366 436 29,
387 406 439 435 32.
465 402 562 435 caput
585 396 671 435 regni
698 396 868 436 Syphacis,
894 406 948 437 30,
969 407 1018 429 rz.
1042 397 1072 427 se
1096 397 1181 427 dedit
1204 396 1386 434 Mafiniffae,

239 438 312 469 ibid.
327 448 400 469 eam
422 438 589 469 Mafiniffae
604 440 702 469 donat
716 439 836 479 Scipio,
852 449 905 480 44.
922 440 1052 478 obseffa,
1070 441 1153 480 Epit.
1171 441 1222 481 64.

196 481 374 521 cistophori
393 483 537 518 nummi,
555 490 608 521 37,
624 483 678 522 46.
696 492 750 522 39,
767 490 797 520 7.

196 524 446 565 Circumpadani
462 526 584 565 campi,
603 535 655 561 21,
673 533 724 566 35.

195 568 297 604 Cirta,
309 574 407 609 caput
421 569 509 607 regni
525 568 695 608 Syphacis,
712 568 867 600 Romanis
883 569 1020 607 deditur,
1036 578 1089 609 30,
1110 579 1159 601 12.

194 610 356 650 Cisalpina
370 610 485 645 Gallia,
501 611 567 642 vid.
584 611 702 649 Gallia,
718 618 746 642 et
762 611 857 642 Galli.

194 653 386 684 Cithaeronis
401 653 508 691 saltus,
527 663 579 692 31,
597 656 648 686 26.

194 696 331 733 Citium,
349 697 552 728 Macedoniae
567 697 738 737 oppidum,
754 706 810 737 42,
828 707 880 738 51.

195 739 313 777 Citius,
331 749 439 776 mons,
455 750 511 780 43,
531 750 582 778 23.

195 782 307 812 Civica
322 792 453 820 corona,
467 783 533 812 vid.
551 783 687 814 Corona.

195 825 289 855 Cives
305 826 380 855 novi
397 826 495 862 cenfi,
513 826 544 862 8,
565 832 615 863 17.

194 867 326 898 Civium
341 868 564 899 Romanorum
582 869 615 899 in
632 869 792 900 centurias
807 868 997 907 distributio,
1016 878 1046 907 1,
1064 878 1116 909 43.
1139 878 1292 900 numerus
1307 876 1390 900 tem·

239 920 314 950 pore
331 911 428 941 Servii
443 910 556 947 Tullii,
572 921 627 951 44.

195 953 299 985 Civile
317 953 383 991 jus,
410 955 442 983 in
466 955 679 994 penetralibus
705 954 899 994 pontificum
925 954 1110 996 repositum,
1129 956 1165 986 C.
1183 955 1309 986 Flavius
1329 955 1389 986 Cn.

238 996 338 1033 filius,
354 997 465 1034 scriba,
481 997 624 1036 evulgat,
642 1007 673 1036 9,
690 1000 744 1037 46.

195 1039 401 1076 Civismarus,
419 1040 546 1079 regulus
562 1040 742 1074 Gallorum,
760 1041 843 1071 cadit
861 1042 894 1071 in
910 1040 1035 1081 proelio,
1054 1050 1104 1080 24,
1120 1051 1174 1081 42.

195 1082 314 1112 Civitas
330 1083 361 1111 in
376 1083 453 1112 duas
469 1090 571 1122 partes
587 1084 730 1121 discedit,
749 1093 780 1122 9,
797 1085 851 1123 46.

195 1125 341 1155 Civitatis
356 1126 458 1155 forma
476 1133 630 1163 mutatur,
648 1136 666 1156 a
681 1126 866 1156 consulibus
882 1127 922 1156 ad
937 1126 1133 1157 decemviros
1157 1126 1303 1156 transsato
1326 1127 1388 1157 im-

239 1177 338 1206 peno,
356 1177 387 1206 39
408 1178 459 1206 33·

195 1210 286 1247 Cius,
304 1210 390 1247 urbs,
406 1211 549 1241 funditus
565 1211 681 1248 eversa,
701 1221 749 1250 32,
770 1221 821 1250 33.
838 1218 868 1242 et
884 1221 935 1251 34.

195 1253 327 1283 Clamor
343 1254 375 1283 in
393 1254 517 1293 proelio,
535 1255 566 1290 8,
587 1256 635 1284 16.
652 1261 683 1284 et
700 1256 750 1292 32.
769 1264 823 1294 25,
844 1265 895 1285 21.
910 1261 939 1284 et
956 1264 1009 1294 4¹·
1028 1263 1082 1293 30,
1100 1264 1150 1295 34.

195 1295 327 1326 Clamor
343 1296 435 1326 initio
452 1306 581 1335 pugnae,
599 1298 695 1327 index
712 1304 854 1331 eventus,
871 1307 903 1336 4,
923 1304 975 1336 37.

195 1339 390 1378 Clampetia,
407 1340 438 1369 in
454 1340 595 1377 Bruttiis,
613 1341 736 1380 capitur
752 1350 770 1370 a
786 1341 954 1377 Romanis,
973 1349 1026 1378 29,
1045 1342 1096 1379 38.
1115 1349 1167 1379 30,
1191 1350 1239 1381 ¹9·

196 1382 380 1421 Clarigatio‚
400 1383 430 1417 8,
455 1392 502 1421 14.

194 1424 330 1455 Classico
346 1424 464 1455 milites
481 1426 520 1455 ad
535 1426 727 1456 concionem
744 1426 925 1462 convocati,
947 1433 976 1464 7,
992 1427 1043 1464 36.
1060 1427 1093 1463 8,
1112 1433 1140 1463 7.
1158 1431 1189 1456 et
1207 1435 1258 1464 32·

196 1467 306 1498 Claffis
323 1469 532 1504 Achaeorum,
551 1477 604 1508 35,
623 1471 673 1500 26.

195 1527 239 1534 -—
256 1510 367 1546 Attali,
387 1521 439 1549 32,
461 1513 509 1541 16.

195 1570 240 1576 ——
256 1554 458 1593 Graecorum,
477 1555 514 1583 ad
534 1554 634 1584 ltaliae
650 1554 743 1584 litora
759 1553 902 1593 appulsa,
924 1563 974 1591 10,
993 1564 1021 1584 2.

196 1612 240 1619 —
252 1596 399 1632 Nabidis,
419 1605 471 1635 35,
492 1599 543 1627 26.

195 1655 240 1662 -—
255 1638 388 1674 Punica,
406 1648 459 1675 21,
486 1649 536 1670 22.
561 1640 659 1669 vastat
685 1639 878 1676 Sardiniam,
899 1647 951 1676 27,
970 1639 1000 1669 6.
1023 1638 1163 1669 vincitur
1186 1648 1204 1668 a
1227 1638 1387 1676 Romana,

243 1690 294 1719 29.
311 1688 341 1710 et
359 1684 412 1717 28,
430 1691 462 1720 4.

196 1741 241 1748 —-
257 1724 470 1761 Rhodiorum,
490 1734 543 1763 32,
565 1725 614 1754 16.

198 1784 242 1791 —
257 1767 495 1803 Romanorum,
525 1776 557 1805 9,
585 1776 633 1805 30.
659 1773 689 1796 et
714 1767 764 1805 38.
792 1765 893 1796 claffis
919 1767 969 1797 die
996 1766 1235 1806 quadragefimo
1262 1768 1387 1806 quinto,

241 1819 339 1850 quam
365 1820 404 1840 ex
431 1810 512 1840 silvis
538 1810 670 1840 materia
694 1809 830 1839 detrafia
846 1816 921 1842 erat,
946 1810 978 1838 in
1000 1819 1116 1849 aquam
1134 1810 1314 1848 deducitur,
1332 1812 1386 1848 28,

240 1861 294 1892 45.
312 1853 529 1891 proficiscitur,
546 1853 626 1882 duce
643 1853 806 1891 Scipione,
823 1853 856 1881 in
871 1853 1025 1890 Africam,
1045 1863 1095 1893 29,
1115 1861 1165 1893 25.
1182 1860 1213 1882 et
1230 1854 1282 1884 26.

200 1896 355 1927 Claffibus
373 1902 553 1934 pugnatum
571 1896 609 1924 ad
628 1896 774 1931 Fidenas,
791 1905 824 1934 4,
842 1905 893 1934 34.

200 1938 353 1969 Claffiurn
370 1948 387 1966 a
404 1939 512 1968 Servio
526 1937 636 1967 Tullio
652 1939 792 1967 instituta
809 1937 978 1973 distinctio,
997 1948 1025 1973 1,
1040 1947 1093 1981 43.
1109 1947 1139 1977 4.
1155 1948 1187 1976 4.

200 1981 402 2015 Clastidium,
428 1981 530 2016 vicus,
557 1981 697 2019 proditur
721 1981 838 2016 Poenis,
856 1990 909 2016 21,
930 1981 984 2020 48.
1011 1981 1071 2010 fuit
1095 1982 1245 2010 horreum
1269 1980 1385 2015 Poenis,

244 2023 315 2054 ibid.
339 2023 368 2053 se
383 2023 468 2053 dedit
485 2023 653 2059 Romanis,
671 2033 723 2061 32,
742 2032 792 2060 29.
816 2023 1009 2059 incenditur,
1024 2032 1075 2060 31.

200 2067 335 2098 Claudia
352 2067 486 2102 Quinta,
504 2073 662 2102 matrona,
679 2066 718 2095 ab
734 2065 944 2095 sacerdotibus
961 2065 1081 2095 ldaeam
1099 2066 1239 2095 Matrem
1255 2066 1387 2105 accipit,

248 2119 300 2147 29,
321 2119 370 2149 14.
386 2109 453 2145 ejus
471 2109 636 2147 pudicitia,
650 2108 724 2137 ibid.

201 2152 337 2182 Claudia
350 2161 427 2190 gens
443 2152 558 2183 omnis,
576 2160 646 2187 cur,
663 2157 694 2180 et
708 2149 837 2188 quando
851 2149 1014 2186 sordidata,
1033 2150 1062 2183 6,
1081 2159 1133 2182 20.
1146 2150 1316 2188 majestatis
1331 2150 1390 2182 Pa-

246 2201 330 2224 trum
350 2194 593 2233 propugnatrix,
609 2202 662 2231 41.
679 2193 812 2222 inimica
828 2192 924 2231 plebi,
942 2204 972 2232 9,
990 2202 1042 2231 34.

203 2237 338 2266 Claudia
353 2237 452 2266 tribus
467 2236 507 2266 ab
522 2237 583 2274 Ap.
600 2236 734 2265 Claudio
749 2235 919 2274 appellata,
938 2245 967 2272 2,
986 2237 1035 2266 16.

203 2279 380 2309 Claudiana
396 2280 507 2315 castra,
525 2288 576 2317 23,
595 2287 646 2316 3¹·
662 2287 713 2317 39.
726 2283 755 2307 et
771 2278 825 2316 48.
843 2286 897 2317 25,
915 2287 965 2309 22.

202 2322 355 2353 Claudius
385 2322 563 2356 historicus,
594 2323 626 2358 8,
658 2330 707 2360 ¹9·
732 2331 764 2359 9,
793 2328 823 2361 5.
848 2330 900 2359 33,
928 2329 977 2351 ιο.
1000 2321 1131 2352 annales
1157 2321 1321 2353 Acilianos
1347 2331 1388 2352 ex

247 2364 361 2394 Graeeo
377 2364 410 2394 in
425 2364 576 2394 Latinum
589 2363 693 2401 vertit,
712 2369 765 2404 25,
783 2372 835 2403 39.
852 2370 905 2403 35,
927 2372 974 2403 14.
