1572 2616
474 159 707 189 tzssssfitffl
745 155 962 185 GENTES.
1225 150 1299 194 357

249 366 439 423 CURII,
470 367 756 435 FABRICII,
789 363 1200 409 CORUNCANH.

595 529 813 537 ——-

129 621 412 677 QUONIAM
441 649 589 683 eorum,
619 639 684 687 qui
711 650 760 675 ex
788 634 1002 684 municipiis
1022 632 1182 670 honores
1205 629 1323 669 essem

128 713 168 744 et
187 707 419 756 magistratus
439 707 574 744 Romae
594 707 732 756 adepti,
753 705 925 754 proxime
945 703 1203 745 meminimus,
1223 699 1325 737 haud

129 773 294 810 alienum
314 772 434 810 visum
461 772 513 809 est
540 784 561 809 a
590 771 776 822 propofito
802 771 940 814 nostro,
962 769 988 806 si
1007 768 1142 806 Curios
1160 767 1236 812 hic,
1256 768 1328 805 Fa-

129 836 279 881 bricios,
297 842 335 873 et
354 836 611 874 Coruncanios
630 834 915 885 subjiceremus.
974 833 1079 870 Nam
1101 838 1140 869 et
1166 831 1329 869 munici-

131 911 197 949 pes
217 898 257 936 hi
276 898 374 944 sunt,
396 906 436 936 et
453 899 614 949 aequales
635 900 788 936 illorum
812 905 1045 947 temporum,
1067 897 1117 934 ita
1137 909 1225 934 vere
1243 896 1330 946 piu-

133 965 236 1002 rimis
257 964 508 1014 maximisque
528 966 726 1002 virtutibus
746 971 859 1014 atque
878 965 981 1001 omni
1000 965 1110 1001 laude
1130 964 1328 1007 cumulati,

136 1035 179 1065 ut
199 1030 368 1078 quamvis
397 1041 519 1078 neque
543 1029 739 1073 familiam,
769 1041 893 1078 neque
913 1028 1064 1078 stirpem
1093 1029 1329 1072 constituant.

138 1092 215 1130 fine
243 1100 370 1130 tamen
391 1091 489 1141 justa
517 1092 802 1142 reprehensione
834 1092 1013 1141 praeteriri
1041 1090 1142 1142 poss'e
1172 1104 1250 1128 non
1277 1091 1335 1129 vi-

139 1157 310 1194 deantur.
367 1156 502 1193 Curios
531 1157 740 1206 municipes
758 1155 880 1201 fuiffe,
899 1157 1034 1194 Cicero
1062 1168 1130 1205 pro
1158 1156 1335 1193 Muraena

140 1226 181 1257 et
201 1219 303 1256 Sulla
323 1219 563 1263 demonstrat,
584 1220 780 1269 municipii
800 1221 1034 1257 mentionem
1060 1219 1148 1256 facit
1175 1219 1335 1258 nullam.

143 1284 242 1320 Item
263 1281 310 1318 de
331 1282 517 1319 Fabriciis.
547 1283 803 1320 Coruncanios
819 1285 858 1320 in
877 1283 1083 1320 undecimo
1107 1283 1206 1332 apud
1224 1284 1334 1321 Taci-

145 1354 230 1384 tum
256 1345 436 1382 Claudius
457 1347 555 1396 Imp.
578 1348 754 1385 Camerio
781 1348 899 1385 Italiae
926 1348 1131 1396 municipio
1159 1348 1337 1386 oriundos

146 1409 309 1447 testatur.
340 1410 476 1446 Cicero
498 1423 586 1448 vero
604 1424 673 1461 pro
693 1412 855 1457 PlanciO,
875 1411 1106 1449 Tusculanos
1127 1410 1233 1450 fuisse
1253 1412 1336 1452 satis

148 1475 310 1514 dilucide
330 1476 499 1515 ostendit.

215 2423 299 2454 Yon.
316 2425 353 2456 V.
767 2429 794 2455 17
