1572 2616
205 151 287 198 152
547 156 714 185 INDEX
749 156 803 185 IN
839 157 885 186 T.
910 156 1048 186 len

200 235 375 273 Materina,
392 234 485 275 plaga
497 234 531 265 in
545 235 692 273 Umbris,
711 248 742 276 9,
756 246 810 276 41.

200 279 237 311 C.
255 279 432 315 Matienus,
455 286 580 310 creatur
599 280 751 310 duumvir
775 279 909 317 navalis,
926 289 981 320 40,
1009 281 1061 312 26.
1085 279 1276 320 praedonum
1298 280 1396 320 Ligu·

242 332 316 353 rum
333 323 412 353 duas
425 331 461 352 ac
475 323 604 362 triginta
619 332 715 353 naves
732 324 830 362 capit,
849 325 899 354 28.

203 365 252 397 M.
268 366 446 402 Matienus,
472 372 597 405 praetor,
612 376 667 405 41,
687 376 738 405 33.
756 367 881 397 sortitur
911 366 1104 406 Hispaniam
1128 365 1324 403 ulteriorem,
1336 376 1393 406 42,

246 419 276 440 1.
295 410 335 439 ab
355 410 505 448 Hispanis
520 409 722 440 ulterioribus
749 410 788 440 ad
816 417 1049 450 recuperatores
1073 409 1242 446 addufflrs,
1257 409 1396 449 amplia-

240 453 369 492 tusque,
386 462 490 492 quum
516 453 652 483 dicenda
679 454 718 483 de
743 454 865 493 integro
887 454 994 484 cauffa
1010 454 1098 491 esset,
1115 454 1148 483 in
1164 453 1312 484 exsilium
1329 453 1396 483 abit

240 496 355 533 Tibur,
369 506 425 535 43,
445 507 474 528 2.

198 538 233 570 Ρ.
249 539 426 577 Matienus,
444 539 591 570 tribunus
616 538 773 576 militum,
803 550 857 580 29,
876 540 906 570 6.
931 550 950 571 a
976 539 1148 577 Pleminio,
1164 539 1260 578 virgis
1284 538 1396 576 caesus,

243 582 445 619 interficitur,
460 594 490 623 9.

199 624 360 656 Matronae
384 636 439 666 per
461 635 586 656 annum
608 625 721 665 lugent
744 626 893 664 Brutum,
910 636 942 664 2,
961 633 991 664 7.
1014 633 1047 656 et
1061 624 1227 656 Valerium
1249 624 1401 656 Publico-

241 669 323 707 lam,
345 670 393 700 16.

197 727 242 736 —
257 722 376 743 aurum
403 718 435 743 et
458 712 571 742 omnia
587 718 779 743 ornamenta
803 712 837 742 in
861 713 1010 742 aerarium
1032 712 1214 748 conferunt,
1234 719 1265 752 5,
1283 717 1333 751 25.
1358 709 1400 740 ob

241 765 314 787 eam
330 756 592 786 munificentiam
610 755 646 786 iis
669 756 773 785 honor
788 756 927 789 habitus,
942 762 978 786 ut
1000 755 1122 795 pilento
1137 756 1178 786 ad
1193 755 1280 785 sacra
1295 753 1401 784 ludos-

241 809 321 839 que,
351 800 511 839 carpentis
545 800 622 829 festo
649 800 848 838 profestoque
882 806 1058 837 uterentur,
1077 798 1148 829 ibid.
1172 807 1289 828 aurum
1319 798 1400 828 item

242 843 430 880 conferunt,
453 843 493 873 ad
517 843 680 873 summam
708 842 809 882 paetae
832 842 988 873 mercedis
1013 842 1116 872 Gallis
1144 841 1400 878 conficiendam,

243 894 296 926 50.
320 887 399 916 hinc
427 887 618 923 decernitur,
643 891 678 915 ut
705 895 828 923 earum,
852 885 934 916 ficut
958 886 1114 922 virorum,
1138 885 1308 915 sollemnes
1332 884 1402 923 post

240 936 384 960 mortem
397 929 597 960 laudationes
610 928 721 967 essent,
738 929 811 959 ibid.
827 930 865 960 iis
880 939 938 969 pro
953 938 1030 960 auro
1045 929 1185 969 pretium
1201 927 1402 969 persolvitur,

244 974 278 1010 6,
319 997 324 1003 .

202 983 363 1046 Matrgnae
378 1016 532 1047 veneficae
555 1015 595 1046 ad
619 1022 752 1046 centurn
775 1015 978 1056 septuaginta
992 1015 1170 1052 damnatae,
1186 1016 1219 1052 8,
1239 1014 1288 1045 18.
1304 1012 1404 1053 stupri

241 1059 418 1097 damnatae,
446 1060 586 1099 pecunia
611 1058 821 1097 mul&antur,
849 1069 900 1098 10,
927 1068 981 1099 31.
1007 1060 1042 1090 in
1070 1058 1219 1090 exsilium
1247 1063 1399 1098 aguntur,

244 1110 300 1143 259
317 1113 347 1135 20

199 1146 409 1176 -dedicant
435 1146 558 1176 Junoni
584 1145 709 1185 signum
741 1154 871 1175 aeneum
897 1146 930 1175 in
954 1144 1131 1182 Aventino,
1161 1153 1214 1180 21,
1241 1144 1293 1175 62.
1322 1142 1403 1172 item

243 1189 366 1229 pelvim
388 1199 533 1224 auream,
549 1197 603 1227 27,
622 1197 673 1227 37.
688 1198 741 1228 per
763 1189 875 1219 omnia
898 1187 1032 1218 delubra
1054 1196 1143 1226 vagae
1166 1186 1331 1227 suppliciis
1345 1194 1403 1215 vo-

244 1233 349 1272 tisque
364 1233 500 1271 fatigant
515 1233 614 1268 Deos,
633 1240 684 1272 50.

199 1292 246 1301 —
260 1285 340 1307 curn
355 1276 506 1315 Scipione
520 1276 652 1306 obviam
668 1280 746 1305 eunt
758 1274 870 1305 Deum
886 1273 996 1310 Matri,
1013 1284 1069 1314 29,
1090 1282 1142 1312 14.

200 1320 241 1351 de
258 1319 484 1350 Matronarum
498 1319 590 1350 cultu
608 1319 660 1350 lex
674 1318 793 1358 Oppia,
813 1327 865 1357 34,
885 1327 915 1349 1.
937 1324 1050 1348 contra
1062 1325 1174 1346 earum
1194 1314 1316 1346 luxum
1330 1322 1405 1344 ora-

244 1363 290 1394 tio
305 1363 437 1394 Catonis
450 1362 601 1400 consulis,
619 1372 671 1403 34,
690 1373 719 1394 2.
744 1362 779 1392 L.
795 1361 940 1392 Valerius
955 1370 1008 1392 eas
1024 1359 1179 1397 defendit,
1196 1367 1227 1399 5.

201 1407 371 1439 Matronas
383 1406 532 1447 patricias
547 1408 629 1438 inter
651 1413 683 1438 et
705 1405 845 1446 plebeias
868 1411 1047 1443 certamen,
1066 1413 1118 1442 10,
1142 1412 1195 1442 23.
1210 1401 1278 1433 vid.
1302 1399 1407 1432 Muli-

247 1460 327 1481 eres.

202 1492 344 1525 Matutae
360 1493 475 1524 Matris
489 1493 574 1524 aedes
590 1493 673 1524 intra
685 1499 814 1534 portam
828 1490 1071 1524 Carmentalem
1083 1487 1211 1528 refesia,
1225 1496 1279 1529 25,
1293 1494 1322 1526 7.
1338 1484 1405 1520 vid.

247 1537 364 1569 Matris
377 1537 526 1567 Matutae.

203 1579 328 1617 Mauri,
344 1590 399 1615 21,
417 1590 468 1611 22.
495 1581 549 1616 28,
566 1586 616 1616 17.

204 1623 401 1652 Maurorum
417 1630 485 1657 rex,
501 1622 657 1653 Bocchar.
672 1620 739 1649 vid.
757 1620 913 1648 Bocchar.
941 1618 1009 1648 Vid.
1025 1622 1054 1646 et
1069 1618 1155 1656 Epit.
1172 1616 1224 1647 66.

201 1663 373 1700 Maurufii,
389 1673 443 1701 24,
456 1673 510 1702 49.

204 1707 350 1740 Maximi
366 1715 550 1745 cognomen
569 1705 610 1736 Q.
627 1705 725 1736 Fabio
742 1704 869 1741 datum,
883 1715 916 1744 9,
931 1703 986 1743 46.

205 1751 362 1787 Medeon,
376 1749 534 1789 oppidum
549 1748 726 1779 Labeatidis
744 1755 846 1786 terrae,
863 1757 919 1787 44,
939 1755 990 1785 23.
1014 1746 1045 1776 et
1064 1755 1118 1785 32.

205 1795 309 1831 Medi,
325 1793 451 1833 populi,
467 1800 520 1833 35,
535 1794 590 1832 48·
615 1801 668 1831 37,
685 1800 737 1831 40·
982 1832 988 1838 ,
1019 1833 1025 1838 ,
1124 1831 1130 1837 ,

205 1838 369 1874 Medicus,
381 1838 456 1867 vitae
470 1837 579 1876 Pyrrhi
596 1835 760 1871 insidians,
777 1843 796 1863 a
810 1832 968 1863 Romanis
982 1832 1027 1862 1111
1042 1831 1197 1872 proditur,
1213 1840 1269 1872 42,
1285 1836 1339 1871 47.
1380 1835 1385 1840 ’

206 1880 477 1916 Mediolanum‚a
494 1879 595 1910 Gallis
611 1879 793 1913 conditum,
810 1886 841 1916 5,
858 1886 910 1916 34.
932 1876 1000 1907 vid.
1014 1882 1042 1906 et
1059 1885 1112 1916 34,
1128 1876 1184 1916 46.

207 1924 356 1960 Medion,
372 1923 531 1962 oppidum
544 1922 749 1959 Acarnaniae,
767 1921 820 1960 36,
842 1929 892 1950 11.
916 1926 947 1950 et
967 1929 1018 1951 12.

206 1967 379 2003 Medimni,
399 1965 452 2004 36,
469 1975 518 1996 12.

206 2010 400 2046 Meduacus,
417 2009 536 2045 amnis,
556 2017 607 2045 10,
629 2017 658 2038 2.

206 2052 380 2089 Medullia,
398 2052 486 2088 urbs,
499 2058 704 2090 oppugnatur
720 2059 738 2080 a
755 2048 923 2086 Romanis,
945 2057 971 2082 1,
989 2056 1041 2086 33.
1054 2045 1122 2076 vid.
1138 2052 1166 2075 er
1181 2045 1233 2084 38.

207 2095 422 2133 Medullinus,
439 2095 505 2125 vid.
518 2095 642 2125 Furius.

208 2139 457 2175 Medixtuticus,
475 2139 622 2168 summus
638 2136 723 2176 apud
739 2136 923 2174 Campanos
939 2133 1153 2172 magistratus,
1173 2140 1226 2171 24,
1243 2139 1292 2169 19.
1311 2130 1363 2167 26,
1376 2129 1409 2160 6.

207 2182 392 2221 Megalefia,
409 2182 476 2212 ludi
501 2181 534 2210 in
557 2181 716 2211 honorem
740 2179 870 2217 Magnae
894 2177 1006 2208 Matris
1027 2176 1152 2213 Deum,
1172 2183 1225 2214 29,
1247 2183 1295 2214 14.
1319 2174 1353 2203 in
1370 2173 1406 2204 iis

252 2227 316 2256 dati
334 2226 402 2255 ludi
419 2224 546 2261 scenici,
566 2232 617 2263 34,
642 2232 691 2263 54.
719 2222 773 2261 36,
793 2219 843 2260 36.
1242 2259 1248 2265 ·

210 2268 423 2309 Megalopolis
447 2268 590 2304 condita,
614 2266 726 2297 multis
752 2265 832 2295 vicis
859 2262 1046 2304 oppidisque
1068 2261 1214 2292 Arcadiae
1241 2269 1274 2290 in
1302 2267 1405 2289 unam

251 2312 366 2343 urbem
391 2311 593 2346 contributis,
613 2319 662 2348 32,
681 2317 711 2349 5.
734 2308 800 2340 vid.
815 2314 842 2338 et
858 2308 912 2346 36,
930 2316 981 2346 31.
1006 2307 1160 2346 porticus,
1177 2313 1278 2345 quam
1294 2302 1406 2342 Mega-

252 2354 352 2397 lopoli
366 2355 526 2386 diruerant
541 2352 791 2391 Lacedaemonii,
809 2350 933 2389 refeaa,
949 2351 1002 2390 38,
1019 2358 1071 2389 34.
