1572 2616
582 160 868 189 PRAEFATIO.
1266 158 1312 201 13

125 239 218 288 phos
239 240 376 290 adepti,
395 252 470 276 non
485 237 566 288 jam
586 240 633 277 de
652 240 795 277 honore
811 252 899 276 curn
916 240 1094 281 Patribus,
1109 238 1171 275 sed
1189 250 1316 275 rerum

125 305 301 354 praeclare
331 306 530 356 gestarum,
551 306 781 343 devietarum
808 307 992 356 gentium,
1018 313 1318 355 expugnatarum

125 374 289 415 urbium,
307 374 405 410 bene
425 373 660 422 feliciterque
681 373 938 410 administratae
967 372 1184 421 reipublicae
1204 371 1319 421 gloria

125 441 164 470 et
195 435 305 472 laude
337 442 540 480 certarunt,
575 436 764 473 summam
798 436 1100 485 amplitudinem,
1132 434 1318 471 summam

124 499 360 549 dignitatem,
385 502 608 538 memoriam
636 502 799 538 nominis
828 501 1081 538 immortalem
1109 500 1318 538 consecutae

125 563 222 601 sunt.
272 565 451 601 Praeclara
469 577 539 607 res,
559 567 753 615 egregium
774 567 917 602 virtutis
935 572 1139 608 certamen,
1160 566 1262 614 quod
1282 567 1319 603 in

125 628 284 677 imperio
314 637 425 678 atque
451 630 600 679 publica
628 630 806 679 dignitate
832 637 869 667 et
899 631 1011 667 debet
1029 636 1067 667 et
1087 630 1180 667 solet
1197 630 1319 667 valere

127 691 348 740 plurimum.
408 694 493 731 Una
520 695 624 731 enim
653 695 861 744 eademque
882 695 928 732 ad
946 695 1126 731 virtutem
1142 695 1200 731 via
1220 702 1321 744 patet

127 757 324 794 omnibus:
362 757 545 795 trahimur
572 771 705 796 omnes
734 759 853 796 laudis
886 759 1016 801 studio,
1047 767 1086 795 et
1117 767 1247 796 natura
1275 760 1321 796 ad

127 818 286 868 0loriam
306 821 549 870 impellimur,
571 834 694 872 neque
723 823 893 860 invidere
920 823 1101 860 debemus
1120 823 1176 867 iis,
1198 836 1217 859 a
1237 824 1320 873 qui—

129 884 197 919 bus
217 883 332 933 gloria
351 885 473 934 aliqua
487 884 583 934 justa
603 893 641 923 et
661 888 793 923 merita
811 900 1068 937 provocamur.
1106 887 1218 925 Tales
1237 888 1320 925 fue-

129 953 217 982 runt
246 948 391 991 Licinii,
412 949 601 994 Marcelli,
622 950 746 994 Decii,
768 951 931 994 Metelli,
952 958 989 987 et
1017 951 1228 1001 complures
1248 953 1322 997 alii,

127 1022 289 1058 quorum
317 1024 442 1060 opera,
473 1013 660 1057 industria,
688 1015 839 1058 virtute,
870 1015 1031 1064 populus
1062 1017 1254 1053 Romanus
1283 1017 1321 1054 in

129 1075 220 1118 otio,
245 1075 280 1111 in
300 1075 415 1121 bello,
436 1076 521 1113 usus
549 1078 600 1114 est
627 1091 717 1115 cum
748 1081 911 1116 maxima
938 1080 1063 1125 laude,
1085 1088 1166 1118 tum
1187 1080 1320 1131 majori

127 1139 400 1178 emolumento.

185 2415 287 2453 Vox..
309 2418 360 2455 V.
738 2427 767 2459 O
