1572 2616
262 168 345 213 130
693 170 1031 201 ROMANORUM

536 380 872 423 DECIORUM
905 376 1186 424 FAMILIA.

260 598 610 653 AMPLlsSIMA
629 614 701 652 fuit
728 621 766 652 et
795 615 989 652 ciariffima
1016 616 1149 652 Romae
1174 615 1382 652 Deciorum
1402 614 1455 652 fa³

259 685 376 730 milia,
399 696 486 720 curn
507 690 660 733 propter
687 695 746 720 res
773 684 877 720 domi
906 683 1126 732 militiaeque
1157 683 1335 733 praeclare
1352 683 1456 720 forti¹²

256 755 392 798 terque
412 749 543 798 gestaS,
565 754 649 785 tum
668 761 758 786 vero
777 754 930 798 propter
949 747 1172 797 singularem
1192 760 1279 798 erga
1297 748 1457 798 patriam

258 815 440 863 pietatem
469 821 508 851 et
537 826 720 850 amorem.
776 811 881 850 Nam
901 815 939 849 P.
962 812 1102 849 Decius
1123 824 1255 861 parens
1274 810 1386 860 hujus
1404 811 1459 849 fa-

259 878 391 923 miliae,
428 878 493 927 qui
524 878 585 924 (ut
619 878 752 915 Cicero
780 883 819 914 et
846 877 1018 914 Valerius
1046 875 1242 921 testantur)
1266 877 1410 926 primus
1437 889 1459 913 e

260 942 389 980 Deciis
419 941 547 978 consul
577 942 662 986 fuit,
685 942 800 979 Codri
825 941 1115 979 Atheniensium
1142 940 1238 991 regis
1265 941 1457 990 exemplo,

255 1008 411 1044 devovit
431 1006 482 1051 se,
502 1014 541 1044 et
568 1007 816 1044 voluntaiiam
844 1013 1008 1043 mortem
1035 1018 1103 1054 pro
1131 1006 1248 1056 patria
1275 1005 1458 1055 oppetiit:

259 1070 369 1121 cujus
390 1084 491 1108 mors
512 1072 560 1108 ita
580 1071 737 1121 gloriosa
755 1071 843 1115 fuit,
864 1077 905 1107 ut
924 1070 1086 1107 eandem
1114 1067 1394 1119 concupisceret
1413 1069 1458 1106 fi-

257 1137 342 1179 lius,
378 1143 416 1173 et
450 1136 678 1185 ampliffimis
709 1135 928 1185 perfuncms
966 1135 1185 1178 honoribus,
1212 1141 1251 1170 et
1280 1140 1458 1183 quartum

258 1208 342 1238 tum
371 1201 513 1237 consul.
572 1199 705 1249 Nepos
734 1212 823 1236 vero
851 1199 951 1236 haud
982 1199 1058 1248 ipse
1084 1197 1273 1248 majorum
1303 1199 1457 1235 suorum

258 1266 396 1302 virtute
431 1264 617 1313 indignus»,
639 1271 677 1300 et
699 1264 853 1312 quidem
879 1271 980 1299 certe
1009 1262 1176 1306 laudern,
1207 1274 1291 1310 quae
1319 1262 1358 1297 in
1388 1260 1458 1297 hae

258 1327 399 1365 familia
417 1328 559 1371 floruit,
580 1327 808 1376 cupidissime
825 1327 878 1363 est
898 1326 1127 1376 persecutus,
1148 1325 1309 1362 difiimili
1332 1332 1458 1362 tamen

257 1394 425 1429 ratione:
459 1404 582 1441 neque
611 1394 713 1428 enirn
742 1391 779 1428 se
808 1393 957 1429 devovit
978 1393 1037 1439 (ut
1053 1391 1204 1440 quidam
1226 1390 1453 1436 existimant)

259 1447 323 1493 feci
348 1457 489 1498 consul,
520 1458 558 1493 in
583 1457 718 1505 proelio
745 1464 874 1493 contra
903 1456 1086 1505 Pyrrhum
1114 1456 1262 1492 fortiter
1290 1466 1459 1503 pugnans

254 1521 404 1558 cecidit.
463 1521 641 1557 Praeclara
672 1521 759 1557 sane
788 1519 900 1569 hujus
928 1520 1081 1556 familiae
1106 1526 1145 1555 et
1172 1518 1392 1555 immor-talis
1412 1517 1458 1554 ad

257 1585 411 1622 laudem
445 1592 482 1622 et
513 1585 670 1634 gloriam
701 1585 851 1633 posteris
882 1584 1001 1620 fuiffet
1029 1584 1224 1627 memoria,
1258 1582 1322 1618 nifi
1355 1593 1455 1625 eam,

257 1662 344 1699 quae
378 1650 472 1686 nihil
502 1650 615 1686 habet
643 1656 884 1698 perpetuum,
914 1648 1008 1684 nihil
1041 1647 1212 1691 firmum,
1241 1646 1405 1690 fortuna,
1436 1658 1458 1682 e

256 1714 384 1750 medio
400 1713 500 1761 quasi
515 1713 625 1749 cursu
642 1712 857 1756 revocaffet‚
873 1718 916 1748 ut
931 1724 1045 1760 quarn
1062 1710 1323 1748 secundiffimo
1342 1716 1456 1747 vento

257 1780 295 1815 in
316 1779 435 1815 altum
455 1777 692 1827 provexisset,
714 1778 873 1814 eandem
903 1786 990 1814 ante
1017 1779 1209 1822 obrueret,
1228 1789 1341 1826 quam
1372 1789 1456 1825 por-

257 1849 340 1879 tum
356 1842 569 1891 conspicere
589 1841 718 1890 posset.
776 1843 915 1891 Neque
930 1844 1029 1878 enirn
1045 1854 1269 1890 quenquam
1288 1854 1310 1877 e
1331 1841 1456 1878 Deciis

256 1907 336 1956 post
357 1907 422 1943 hos
451 1913 515 1942 aut
543 1906 701 1942 honores
728 1907 921 1955 adeptum,
952 1913 1016 1942 aut
1044 1907 1275 1954 magistrat-us
1301 1904 1455 1955 geffiffe,

256 1977 319 2007 aut
338 1972 475 2007 virtute
495 1971 617 2019 aliqua
635 1971 692 2006 vel
713 1971 891 2006 mediocri
911 1969 1073 2006 floruisse
1091 1971 1313 2018 accepimus.
1372 1969 1456 2005 Ple-

256 2035 378 2071 beiam
402 2047 490 2071 vero
510 2034 605 2070 hanc
625 2034 699 2071 effe
728 2035 908 2071 familiam
937 2035 1125 2077 omnibus,
1148 2034 1293 2082 opinor,
1314 2032 1454 2082 perspi·

252 2109 373 2133 cuum
393 2097 467 2134 est:
497 2103 538 2133 et
558 2097 684 2133 Livius
705 2098 754 2134 ix.
775 2105 813 2134 et
834 2111 870 2134 x.
891 2097 974 2134 satis
994 2097 1155 2134 dilucide
1185 2097 1340 2133 ostendit
1359 2111 1366 2132 :
1398 2100 1455 2131 at-

252 2175 329 2211 que
363 2164 475 2199 etiarn
506 2163 664 2212 probant
696 2163 748 2200 isti
776 2163 968 2200 Juvenalis
995 2162 1179 2208 verficuli,
1201 2175 1294 2212 quos
1323 2161 1455 2198 adscri-

255 2227 345 2263 bere
364 2227 493 2264 libuit:
