1572 2616
458 155 830 186 HISTORIARUM
866 155 1070 189 LIBROS.
1303 156 1359 200 53

168 235 323 266 Claudius
341 235 464 267 Asellus
485 243 606 276 pugnat
629 244 708 267 curn
730 235 870 267 Jubellio
891 235 1017 267 Taurea
1033 235 1216 276 Campano,
1234 244 1288 275 23,
1304 235 1361 277 46.

211 286 242 309 et
283 287 312 316 7.

168 321 230 361 Ap.
248 289 413 359 glaudius,
431 331 550 361 magna
566 321 735 353 clientium
752 322 925 353 comitatus
943 330 1058 358 manu,
1080 321 1120 352 ab
1145 320 1272 361 Regillo
1295 320 1361 352 Ro-

211 374 301 395 mam
318 366 496 404 transfugit,
517 376 548 401 2,
570 367 619 396 1⁶.
637 367 674 396 iis
696 365 789 395 datur
804 366 929 402 civitas,
946 371 978 395 et
994 372 1080 396 trans
1094 365 1256 396 Anienem
1273 374 1361 404 ager,

212 407 283 437 ibid.
302 409 383 438 inter
407 409 513 438 Patres
536 408 662 448 legitur,
677 408 748 438 ibid.
773 408 894 443 consul,
913 418 963 439 21.
980 408 1012 438 in
1029 407 1098 445 ejus
1114 407 1283 438 consulatu
1299 414 1366 438 tur·

208 450 273 487 bae,
292 461 343 489 23.
357 458 385 480 et
400 451 487 494 seqq.
513 451 582 490 ejus
605 452 758 482 sententia
782 452 822 481 de
845 451 996 482 diERatore
1019 451 1169 488 creand0‚
1188 460 1238 489 29.
1255 457 1288 481 et
1310 460 1362 490 30.

209 493 318 524 anaor
342 496 386 525 est
409 495 613 525 dissolvendae
640 496 801 535 potestatis
825 495 998 526 tribunitiae
1019 504 1072 534 per
1093 493 1362 532 interceffionem‚

165 545 411 619 AffClaudius
437 580 562 617 consul,
587 581 721 611 insefi'tus
745 580 842 620 plebi,
864 590 894 617 2,
914 581 964 621 56.
989 586 1081 610 atrox
1105 579 1174 618 ejus
1198 586 1365 610 certarnen

209 623 355 653 adversus
371 624 516 654 tribunos
532 625 570 654 de
587 624 821 664 magistratibus
837 624 981 664 plebeiis,
999 623 1124 653 tributis
1139 623 1280 653 comitiis
1296 631 1366 652 cre-

210 667 314 705 andis,
332 666 404 697 ibid.
422 668 560 697 mittitur
575 668 607 697 in
626 667 767 704 Volscos,
786 667 836 707 58.
860 668 1038 697 exercitum
1062 666 1285 705 nequidquam
1307 665 1366 695 do-

211 718 299 739 mare
320 716 433 746 tentat,
450 710 521 740 ibid.
546 711 631 740 vinci
656 710 771 740 volunt
795 709 863 747 ejus
891 710 1021 746 milites,
1047 718 1098 748 59.
1124 710 1158 739 in
1183 709 1366 739 exercitum

210 753 448 790 animadvertit,
463 753 533 782 ibid.
552 755 579 783 ei
596 754 662 784 dies
677 754 801 787 dicitur,
816 755 869 784 61.
886 753 1034 789 moritur,
1051 751 1124 782 ibid.

166 794 230 835 Ap.
246 795 399 826 Claudius
415 804 537 826 creatur
552 797 727 834 decemvir,
746 806 777 835 3,
797 806 847 836 33.
871 796 939 833 ejus
955 795 1103 831 ambitio,
1122 804 1172 835 35.
1198 793 1366 831 violentia,

212 839 264 877 36.
280 838 392 875 libido,
410 849 464 879 44.
488 840 555 869 soro
579 839 718 879 pellitur,
735 850 789 880 49.
813 840 940 870 abdicat
963 839 1233 875 decemviratum,
1260 846 1312 877 54.
1335 837 1366 867 ei

210 882 277 912 dies
293 882 421 920 dit-itur,
439 883 490 923 56.
514 882 641 913 ducitur
658 884 691 913 in
707 892 882 921 carcerem,
900 890 951 923 57.
976 881 1031 911 fibi
1049 890 1164 912 necem
1180 880 1365 918 consciscit,

169 968 233 1007 Ap.
250 967 416 1006 Claudius,
433 969 519 1000 filius
535 970 721 1008 decemviri,
740 969 888 1001 tribunus
907 968 1064 1006 militum,
1081 978 1114 1008 4,
1134 973 1186 1008 35.
1201 976 1219 998 a
1235 965 1368 1007 collegis

215 1011 371 1050 linquitur
386 1013 551 1052 praefeetus
566 1013 666 1051 urbis,
683 1014 733 1052 36.

169 1055 230 1095 Ap.
245 1054 410 1093 Claudius,
426 1065 524 1096 nepos
541 1057 725 1093 decemviri,
739 1057 863 1086 avitum
878 1055 1048 1086 consilium
1061 1055 1100 1084 de
1113 1052 1368 1084 intercessoribus

213 1098 361 1137 parandiS
381 1099 483 1136 refert,
501 1110 533 1138 4,
550 1103 604 1139 48.
629 1100 776 1130 tribunus
799 1099 942 1129 militum
966 1098 1122 1128 consulari
1147 1097 1313 1136 potestate,
1332 1102 1364 1135 5,

217 1150 244 1170 r.
261 1141 330 1178 ejus
345 1142 446 1172 oratio
461 1152 518 1182 pro
534 1142 750 1173 hibernaculis
766 1143 805 1172 ad
822 1143 928 1178 Veios,
947 1151 976 1180 3.
991 1141 1108 1183 etseqq.
1126 1139 1194 1177 ejus
1209 1138 1369 1169 sententia

213 1183 253 1213 de
270 1185 375 1223 praeda
393 1185 558 1222 Velorum,
578 1195 629 1217 20.

169 1228 231 1266 Ap.
249 1227 416 1265 Claudius,
442 1238 539 1268 nepos
562 1229 748 1266 decemviri,
765 1228 918 1259 dissuadet
940 1227 1045 1267 legem
1062 1226 1100 1255 de
1116 1225 1285 1255 consulatu
1302 1224 1371 1264 ple-

213 1269 298 1307 beio,
315 1272 346 1308 6,
363 1280 416 1311 40.
440 1272 587 1310 memor,
604 1281 635 1310 7,
655 1275 684 1303 6.
708 1271 831 1309 consul,
856 1272 891 1301 in
918 1271 984 1310 ipso
1007 1275 1161 1310 apparatu
1176 1268 1252 1298 belli
1270 1268 1370 1298 mori-

213 1318 276 1349 tur,
296 1324 311 1344 2
340 1336 346 1344 .

171 1355 234 1395 Ap.
251 1323 419 1394 Clagdius,
436 1357 557 1394 censor,
575 1367 607 1396 9,
626 1368 676 1399 29.
696 1359 761 1398 post
778 1357 1015 1387 abdicationem
1032 1354 1176 1394 collegae,
1193 1354 1276 1384 solus
1292 1363 1370 1384 cen-

216 1399 320 1429 suram
338 1410 460 1439 gerens,
478 1401 564 1430 viam
591 1402 710 1437 munit,
732 1408 763 1430 et
788 1410 906 1440 aquam
933 1401 965 1430 in
990 1399 1103 1429 urbem
1119 1398 1221 1433 ducit,
1238 1396 1312 1426 ibid.
1329 1406 1369 1427 eo

216 1442 356 1480 austere,
381 1444 494 1473 Potitia
517 1454 595 1482 gens
616 1444 700 1474 sacra
730 1443 878 1473 Herculis
900 1442 1012 1472 edocet
1036 1442 1139 1471 servos
1161 1440 1321 1479 publicos,
1337 1445 1371 1470 et

215 1486 440 1525 exstinguitur,
463 1486 533 1516 ibid.
558 1487 626 1525 ejus
650 1487 846 1516 concertatio
871 1495 948 1515 cum
968 1486 1000 1515 Ρ.
1018 1484 1222 1523 Sempronio,
1240 1483 1371 1512 tribuno

215 1527 330 1567 plebis,
348 1530 386 1559 de
402 1530 545 1566 censura,
565 1539 615 1568 33.
633 1536 663 1559 et
683 1539 731 1568 34,
751 1529 786 1559 fit
807 1528 933 1566 consul,
950 1538 1003 1567 42.
1026 1527 1179 1557 diffuadet
1202 1525 1307 1565 legem
1331 1525 1371 1555 de

215 1572 422 1610 pontificibus
446 1579 477 1602 et
501 1572 674 1612 auguribus
699 1572 841 1612 plebeiis,
868 1581 917 1607 10,
946 1579 974 1607 7.
998 1572 1148 1606 interrex,
1168 1578 1219 1599 ιι.
1245 1575 1373 1598 creatur

216 1615 325 1644 consul
343 1616 475 1651 iterum,
497 1624 546 1655 15.
571 1615 654 1645 male
672 1625 739 1645 rem
765 1616 855 1655 gerit,
876 1616 925 1644 18.
943 1615 974 1644 in
994 1614 1100 1643 medio
1124 1620 1241 1651 pugnae
1263 1611 1373 1641 dilcri-

216 1658 306 1687 mine
332 1658 494 1697 templum
518 1666 611 1688 vovet
636 1658 790 1693 Bellonae,
810 1668 859 1699 ¹9·
883 1658 983 1687 vincit
1006 1656 1168 1687 Samnites
1185 1661 1216 1684 et
1230 1654 1368 1692 Tuscos,

216 1699 287 1730 ibid.
306 1708 431 1740 praetor,
448 1711 498 1732 22.
515 1711 583 1739 ejus
599 1711 646 1732 res
659 1703 751 1740 gestae
763 1701 909 1730 adversus
925 1701 1100 1736 Samnites,
1118 1708 1169 1737 3r.

175 1743 237 1782 Ap.
255 1743 408 1773 Claudius
433 1744 580 1781 Pulcher,
605 1745 751 1774 tribunus
778 1744 934 1778 militum,
953 1754 1004 1779 22,
1025 1751 1075 1782 53.
1097 1748 1224 1780 praetor,
1247 1749 1300 1778 23,
1318 1748 1372 1779 ²4·

218 1786 360 1816 Siciliam
379 1788 514 1824 sortitur,
534 1797 584 1826 30.
609 1787 727 1825 legatos
745 1788 842 1816 mittit
858 1787 897 1816 ad
917 1786 1168 1824 Hieronymum,
1189 1792 1240 1821 24,
1260 1783 1290 1811 6.
1306 1783 1374 1812 Ro-

221 1838 309 1859 mam
326 1831 363 1859 ad
382 1831 556 1869 petendum
573 1830 776 1860 consulatum
801 1830 939 1860 mittitur
955 1838 973 1858 a
992 1827 1159 1862 Marcello,
1177 1836 1227 1865 39.
1245 1824 1371 1862 consul,

220 1880 272 1912 25,
292 1881 319 1901 2.
338 1880 367 1902 et
386 1883 415 1911 3.
432 1873 550 1903 obsidet
573 1873 732 1912 Capuam,
751 1883 801 1903 22.
826 1872 1022 1908 vulneratur,
1043 1872 1094 1908 26,
1114 1872 1142 1900 6.
1165 1869 1300 1899 moritur
1316 1868 1372 1899 sub

219 1915 413 1945 deditionem
432 1915 567 1954 Capuae,
589 1917 635 1946 16.

176 1959 238 1997 Ap.
255 1958 420 1995 Claudius,
445 1959 590 1988 tribunus
612 1958 768 1993 militum,
787 1967 837 1996 32,
855 1964 906 1997 35.
932 1957 1068 1986 mittitur
1085 1956 1240 1992 Romam,
1259 1954 1309 1992 36.
1327 1953 1374 1983 le·

219 2008 321 2040 gatus,
342 2011 393 2040 34,
412 2011 464 2042 50.
489 2002 527 2031 ad
553 2001 731 2041 praesidium
759 2001 879 2030 Lariffae
905 2002 1052 2033 mittitur,
1074 2000 1124 2036 36,
1148 2008 1194 2028 ιο.
1219 1998 1287 2033 ejus
1306 2003 1373 2026 arte

220 2045 259 2073 ab
276 2045 437 2074 obsidione
456 2045 575 2074 Larisl'ae
591 2046 763 2074 deterretur
787 2044 981 2078 Antiochus,
999 2041 1069 2071 ibid.
1095 2042 1201 2080 praeest
1224 2040 1302 2078 parti
1320 2048 1374 2069 ca-

219 2088 350 2117 strorum
377 2088 407 2116 in
433 2088 596 2118 obsidione
623 2086 800 2121 Heracleae,
821 2097 868 2116 22.
896 2086 1099 2125 praemittitur
1121 2084 1159 2113 ad
1182 2083 1374 2121 occupanda

218 2129 294 2167 juga
316 2131 413 2166 OEtae‚
441 2140 490 2169 30.
521 2138 646 2170 praetor,
671 2130 795 2160 sortitur
817 2129 1007 2163 Tarentum,
1029 2128 1079 2165 38,
1098 2138 1150 2166 μ.
1175 2125 1298 2161 consul,
1319 2134 1372 2164 39,

224 2181 273 2210 23-
292 2174 386 2202 caedit
404 2174 577 2212 ingaunOS,
604 2174 744 2212 Ligures,
765 2182 813 2211 32.
842 2173 869 2201 vi
896 2171 1070 2201 Claudiana
1093 2171 1220 2198 fratrem
1238 2168 1277 2198 ad
1294 2176 1375 2213 con-

223 2215 359 2245 sulatum
385 2218 505 2253 evehit,
522 2216 593 2245 ibid.
624 2217 769 2256 princeps
795 2215 961 2254 legationis
986 2215 1015 2243 in
1037 2213 1211 2246 Graeciam,
1228 2220 1280 2249 33.
1304 2220 1376 2247 ejus

223 2258 388 2296 legationis
404 2261 498 2298 gesta,
519 2267 656 2299 34—37.
674 2259 794 2298 legatus
813 2258 920 2287 missus
934 2258 971 2286 ad
990 2255 1128 2290 AEtolos,
1145 2263 1201 2293 41,
1222 2264 1273 2291 30.

179 2303 241 2341 Ap.
258 2300 411 2331 Claudius
428 2303 525 2338 Nero,
544 2309 669 2341 praetor,
686 2301 810 2331 sortitur
827 2300 1015 2340 Hispaniam
1034 2298 1227 2333 ulteriorem,
1247 2306 1299 2335 33,
1316 2306 1369 2335 42-

224 2350 254 2373 et
270 2353 322 2382 43.
343 2354 394 2383 34,
416 2354 464 2375 ro.
480 2345 613 2384 legatu3‚
631 2353 683 2383 37,
702 2352 752 2384 55.

180 2389 246 2426 Ap:
259 2386 412 2417 Claudius
435 2387 575 2425 Centho,
600 2388 700 2418 aedilis
723 2386 853 2421 curulis,
869 2395 924 2425 40,
943 2392 990 2426 59.
1017 2390 1143 2424 praetor,
1160 2392 1214 2423 41,
1233 2391 1284 2413 22.
1310 2389 1371 2411 cae-
