1572 2616
188 139 213 179 3
532 150 698 179 lum-:x
732 151 787 179 IN
822 151 869 179 T.
895 150 1034 179 LIV11

227 229 321 269 ponit
335 238 382 260 res
399 229 614 265 Macedoniae,
631 240 683 270 29.
709 231 872 261 succendit
889 239 979 260 arma
998 229 1154 267 hostium,
1171 238 1222 267 33.
1255 228 1372 268 trajicit

226 273 265 303 in
291 272 432 310 Italiam,
451 282 502 312 34.
526 274 723 312 triumphus,
746 274 774 303 ei
798 275 944 304 decretus
966 282 985 302 a
1009 274 1133 309 senatu,
1157 272 1330 311 impeditur
1352 282 1373 303 a

227 316 296 346 Ser.
315 315 458 355 Sulpicio
475 315 590 353 Galba,
606 316 734 346 tribuno
751 316 907 354 militum,
927 324 979 356 35.
992 316 1044 354 36.
1061 316 1239 354 triumphat
1251 315 1289 345 de
1301 315 1373 346 Per-

227 359 293 396 seo,
313 369 365 399 39.
381 368 437 399 40.
460 359 580 389 amittit
595 359 674 389 duos
696 359 791 397 filios,
808 359 880 389 ibid.
904 359 973 397 ejus
987 359 1025 389 de
1042 359 1095 388 sua
1112 358 1240 388 fortuna
1260 358 1374 394 oratio,

230 411 284 441 41.
307 402 511 438 abstinentia,
530 402 614 441 Epit.
631 403 684 440 46.

186 445 224 476 L.
239 444 395 474 AEmilius
410 444 552 481 Paullus,
577 444 701 483 legatus
725 444 758 473 in
781 444 893 474 decem
917 444 957 474 ad
981 453 1029 474 res
1051 443 1133 473 Afiae
1155 442 1376 482 disceptandas

230 487 546 527 componendasque,
574 494 627 525 37,
644 496 696 527 55.
720 485 828 517 resistit
849 487 910 517 Cn.
927 486 1067 525 Manlio,
1092 487 1298 526 triumphum
1322 495 1376 525 pe-

230 531 324 565 tenti,
345 532 397 568 38,
414 540 467 569 44.
486 536 513 559 et
525 530 614 572 seqq.

189 573 225 603 1..
240 573 394 603 AEmilius
416 572 569 611 Regillus,
587 578 713 611 praetor,
733 572 785 610 36,
802 579 855 612 45.
879 572 907 602 ei
925 572 1031 602 evenit
1054 571 1175 601 navalis
1199 571 1376 609 provincia,

231 623 287 654 37,
305 625 333 645 2.
348 625 380 655 4.
400 625 449 655 14.
473 616 513 645 ad
535 625 613 645 eum
641 615 865 645 caduceatores
886 615 926 644 ab
948 615 1113 644 Antiocho
1138 614 1234 649 miffi,
1260 613 1315 652 qui
1339 613 1378 642 de

230 667 311 697 pace
327 665 467 696 agerent,
488 659 537 689 18.
560 657 657 688 habet
673 657 858 695 confilium,
879 668 927 698 19.
952 658 1073 687 invadit
1095 666 1186 696 agros
1207 657 1378 694 Teiorum,

231 701 286 732 28.
311 702 478 731 contendit
493 701 533 731 ad
554 702 692 737 hostem,
712 711 762 741 29.
786 701 886 730 vincit
908 699 1038 730 classem
1061 699 1229 736 Antiochi,
1249 709 1298 738 30.
1322 708 1380 738 op-

232 750 355 783 pugnat
371 744 556 780 Phocaeam,
578 754 627 782 32.
652 743 720 781 ejus
735 744 918 783 triumphus
935 742 1066 776 navalis,
1084 743 1139 783 58.

186 786 224 817 L.
241 786 395 817 AEmilius
412 787 548 817 Scaurus
565 786 814 825 Hellespontum
830 787 982 824 mittitur,
1000 793 1050 824 37,
1070 794 1120 823 31.

188 829 295 860 Mam.
311 830 479 867 AEmilius,
502 830 648 860 tribunus
673 829 817 859 militum
841 828 996 859 consulari
1014 829 1176 868 potestate,
1200 836 1234 867 4,
1255 827 1306 857 16.
1333 825 1382 855 di-

233 872 333 902 &ator
348 873 476 910 dicitur,
498 880 547 909 17.
570 873 721 902 Veientes
747 879 778 901 et
800 872 968 902 Fidenates
990 871 1102 910 proelio
1117 870 1233 907 vineit,
1261 871 1310 900 18.
1331 878 1382 907 19.

231 916 439 955 triumphans
459 916 573 945 urbem
599 915 789 954 ingreditur,
808 924 860 945 20.
893 915 1009 944 iterum
1032 913 1177 950 ἀίἃειῐοῐ,
1204 922 1257 950 23.
1287 913 1382 951 quin-

233 958 433 998 quennalem
449 958 616 989 censuram
632 958 744 996 redigit
759 958 798 987 ad
815 957 891 987 anni
908 958 1004 987 unius
1020 964 1050 986 et
1063 957 1116 987 sex
1132 955 1294 985 menfium
1310 955 1380 994 spa-

233 1003 331 1038 tium,
359 1011 410 1040 24.
442 1011 460 1031 a
486 1001 668 1031 censoribus
691 1001 774 1030 tribu
801 1006 962 1038 movetur,
989 999 1060 1030 ibid.
1092 998 1225 1028 dictator
1246 1004 1382 1034 creatur,

233 1044 332 1082 paulo
348 1051 422 1073 ante
438 1050 547 1074 motus
564 1044 660 1080 tribu,
676 1053 728 1081 31.
745 1043 814 1079 ejus
829 1044 928 1073 oratio
943 1043 983 1072 ad
999 1042 1171 1081 populum,
1190 1050 1242 1079 32.
1257 1040 1327 1079 ejus
1341 1040 1384 1070 ad

234 1087 354 1116 milites
370 1087 563 1122 adhortatio,
583 1095 633 1124 33.
658 1087 792 1116 Fidenas
808 1087 908 1125 capit,
925 1092 956 1115 et
971 1085 1164 1125 triumphat,
1183 1093 1234 1123 34.

191 1130 296 1160 Mam.
314 1129 481 1165 AEmilius,
498 1129 621 1165 consul,
638 1138 673 1167 4,
692 1136 742 1168 53.

190 1173 252 1203 Μ’.
263 1172 417 1202 AEmilius
433 1172 668 1209 Mamercinus,
683 1172 828 1202 tribunus
845 1170 1031 1208 consularis,
1045 1180 1080 1210 4,
1092 1170 1145 1200 61.
1161 1169 1292 1205 iterum,
1308 1174 1339 1207 5,
1354 1176 1383 1199 1.

235 1216 379 1250 tertium,
400 1225 449 1245 10.

192 1257 243 1288 M.
259 1258 427 1296 AEmilius,
444 1257 591 1287 tribunus
607 1256 751 1286 militum
768 1256 922 1286 consulari
941 1256 1105 1295 potestate,
1123 1262 1155 1294 5,
1174 1264 1226 1293 32.

191 1298 244 1330 M.
260 1300 415 1330 AEmilius
438 1299 562 1337 consul,
590 1309 641 1336 ιο,
664 1310 690 1330 1.
716 1300 748 1328 in
775 1300 886 1339 fugam
909 1299 1003 1329 vertit
1024 1298 1168 1335 Graecos,
1190 1305 1269 1327 cum
1291 1294 1385 1327 Cleo-

237 1353 338 1383 nymo
355 1344 388 1372 in
404 1343 532 1373 Italiam
549 1342 641 1372 claffe
657 1342 817 1379 advectos,
835 1353 865 1373 2.

193 1385 244 1416 M.
258 1385 424 1422 AEmilius‚
441 1392 557 1425 praetor
572 1384 699 1418 Siciliae,
718 1394 771 1421 21,
788 1394 840 1423 49.

193 1428 244 1458 M.
261 1428 429 1465 AEmssius,
446 1433 562 1468 praetor
580 1428 734 1464 urbanus,
752 1437 806 1464 22,
820 1438 851 1467 9.
868 1436 918 1466 33.
944 1433 998 1463 27,
1016 1435 1068 1465 33.

193 1471 245 1501 M.
262 1471 429 1507 AEmilius,
445 1472 539 1501 frater
556 1471 591 1500 L.
608 1470 734 1500 AEmilii
752 1469 865 1507 Regilli
883 1469 1037 1508 praetoris,
1055 1468 1193 1505 decedit,
1213 1477 1266 1506 37,
1279 1477 1332 1498 22.

195 1513 245 1544 M.
261 1514 389 1543 AEmilii
406 1514 525 1552 Lepidi,
549 1513 597 1542 bis
620 1512 758 1542 consulis
781 1519 877 1550 atque
901 1511 1042 1549 auguris,
1067 1517 1128 1539 tres
1146 1509 1217 1547 filii,
1236 1511 1271 1540 L.
1288 1510 1338 1540 M.
1354 1514 1387 1539 et

240 1556 282 1586 Q.
298 1556 391 1586 ludos
406 1556 554 1586 funebres
570 1555 663 1594 patri,
686 1561 717 1584 et
738 1553 951 1593 gladiatorum
974 1553 1061 1592 paria
1077 1553 1141 1582 duo
1157 1559 1189 1583 et
1204 1553 1316 1592 viginti
1332 1561 1388 1592 per

238 1599 384 1628 triduum
400 1599 433 1628 in
449 1599 516 1628 foro
532 1598 623 1633 dant,
642 1607 695 1635 23,
713 1607 764 1635 30.

197 1641 248 1671 M.
262 1641 428 1677 AEmilius,
446 1641 495 1671 M.
510 1640 618 1679 Lepidi
637 1639 733 1676 filius,
750 1639 898 1669 tribunus
914 1637 1071 1673 militum,
1091 1645 1144 1675 37,
1159 1646 1213 1675 43.

196 1683 248 1714 M.
265 1683 420 1714 AEmilius
435 1683 584 1722 Lepidus,
601 1682 702 1712 aedilis
718 1682 849 1718 curulis,
867 1691 920 1720 24,
936 1690 989 1720 43.
1014 1687 1138 1719 praetor,
1159 1680 1284 1709 sortitur
1296 1678 1389 1716 juris-

241 1726 416 1756 dic'tionern
437 1727 518 1756 inter
542 1726 627 1755 cives
654 1732 686 1754 et
709 1725 902 1764 peregrinos,
929 1723 1000 1753 ibid.
1026 1722 1188 1753 decemvir
1214 1722 1387 1759 sacrorum,

244 1770 297 1804 26,
317 1779 367 1807 23.

198 1810 249 1842 M.
268 1811 423 1842 AEmilius
439 1810 588 1850 Lepidus,
605 1809 727 1848 legatus
741 1810 780 1840 ad
797 1809 1022 1844 Ptolemaeum,
1038 1817 1091 1846 31,
1104 1817 1133 1838 2.
1149 1807 1295 1837 ferociter
1311 1816 1390 1837 cum

242 1854 393 1894 Philippo
413 1854 490 1891 agit,
515 1854 563 1883 18.
589 1853 747 1892 pontifex,
775 1861 827 1890 32,
846 1860 876 1888 7.
903 1850 1017 1887 aedilis,
1035 1857 1088 1889 35,
1111 1859 1159 1880 10.
1189 1855 1316 1888 praetor,
1335 1858 1390 1888 24.

242 1897 369 1927 sortitur
385 1896 544 1932 Siciliam,
564 1897 617 1934 36,
633 1905 660 1926 2.
686 1895 810 1932 consul,
827 1896 880 1932 38,
891 1904 945 1933 42.
966 1900 998 1923 et
1013 1894 1146 1932 quidem
1163 1893 1230 1931 post
1246 1892 1325 1922 duas
1341 1901 1389 1921 re-

243 1940 362 1979 pulsas,
380 1949 433 1980 39,
454 1940 505 1978 56.
528 1947 584 1977 40,
601 1940 654 1978 46.
680 1947 784 1976 quum
810 1938 913 1967 aedem
937 1936 1054 1966 Dianae
1079 1934 1223 1971 vovisset,
1247 1934 1389 1963 devincit

242 1982 386 2023 Ligures,
407 1991 460 2022 39,
475 1992 505 2013 2.
527 1982 615 2011 viam
632 1980 671 2010 ab
687 1980 850 2010 Placentia
863 1980 1051 2010 Ariminum
1067 1977 1224 2017 perducit,
1241 1975 1313 2006 ibid.
1336 1976 1391 2005 tri-

244 2027 352 2056 umvir
368 2025 504 2056 coloniae
517 2024 726 2060 deducendae,
745 2030 796 2063 55.
821 2023 963 2062 pontifex
979 2020 1156 2055 maximus,
1170 2028 1225 2058 40,
1237 2028 1291 2057 42.
1315 2027 1391 2048 cen-

246 2069 306 2106 sor,
323 2075 376 2108 45.
402 2069 436 2098 in
455 2068 591 2106 gratiam
616 2066 812 2096 reconciliari
835 2065 863 2094 se
887 2074 964 2094 cum
986 2062 1109 2101 collega
1132 2062 1180 2091 M.
1199 2061 1311 2091 Fulvio
1334 2070 1389 2099 pa-

245 2113 337 2149 titur,
353 2112 405 2150 4⁶·
437 2111 585 2150 princeps
607 2109 732 2139 senatus
754 2108 880 2147 legitur,
908 2115 959 2146 51.
989 2105 1099 2135 consul
1115 2104 1244 2140 iterum,
1264 2112 1318 2142 41,
1337 2113 1387 2133 22.

246 2153 348 2184 lectus
363 2153 502 2184 secundo
518 2153 665 2192 princeps
680 2152 818 2187 senatus,
835 2159 887 2189 32.
910 2148 1010 2179 lectus
1026 2148 1129 2183 tertio,
1145 2156 1202 2185 43,
1216 2154 1265 2185 15.
1288 2145 1390 2176 lectus

247 2197 388 2232 sextum,
404 2197 488 2235 Epit.
504 2197 560 2235 48.
581 2201 654 2225 ante
670 2200 808 2224 mortem
823 2201 895 2231 quae
911 2191 984 2221 filiis
999 2189 1194 2230 praeceperit,
1213 2188 1284 2219 ibid.

206 2239 255 2270 M.
274 2239 429 2270 AEmilius
444 2239 580 2278 Lepidus
595 2237 664 2267 aaa
679 2235 775 2267 Sullae
793 2240 894 2265 tentat
910 2233 1093 2268 rescindere,
1111 2232 1193 2270 Epit.
1208 2240 1261 2271 90.

206 2281 258 2312 Μ.
275 2281 429 2312 AEmilius
444 2281 601 2317 Numida,
617 2279 776 2310 decemvir
791 2278 963 2314 sacrorum,
979 2275 1124 2312 moritur,
1140 2274 1193 2312 26,
1215 2283 1267 2312 23.

208 2324 259 2354 M.
276 2324 429 2355 AEmilius
444 2324 560 2363 Papus,
577 2322 722 2359 diEtator,
740 2333 771 2361 9,
790 2329 821 2357 7.

210 2367 258 2398 M.
276 2367 430 2399 AEmilius
444 2367 562 2407 Papus,
578 2366 742 2397 maximus
757 2363 858 2401 curio,
873 2361 1020 2399 moritur,
1038 2367 1091 2398 27,
1109 2360 1140 2391 6.
