1572 2616
272 139 331 192 56
696 151 1035 182 ROMANORUM

594 362 901 405 VALESIA
945 361 1142 404 GENS.

276 588 626 646 SEQUUNTUR
647 619 747 645 nunc
768 609 982 646 Latinarum
1011 608 1181 658 gentium
1203 606 1369 649 familiae,
1390 617 1464 654 quo

276 674 430 709 nomine
449 680 487 710 et
505 675 669 720 Sabinas,
688 682 725 712 et
745 688 877 712 omnes
896 688 955 712 eas
974 688 1057 724 quae
1075 688 1122 711 ex
1142 675 1278 711 Italicis
1307 672 1465 708 munici-

275 737 346 786 piis
366 739 403 774 in
428 738 560 775 urbem
587 741 806 789 migrarunt,
826 739 1191 789 comprehendimus,
1249 738 1349 774 Quoe
1379 747 1466 771 vero

275 816 325 840 ex
342 803 399 840 his
418 803 619 853 majorum,
639 818 723 853 quae
752 807 943 841 minorum
970 806 1141 854 gentium
1169 803 1333 852 patriciae
1358 801 1466 838 fami·

274 870 335 906 liae
356 869 439 915 fint,
462 872 500 907 in
518 877 618 907 tanta
638 871 866 919 antiquitatis
895 872 1124 919 ignoratione
1145 871 1364 906 constituere
1383 869 1467 904 nul·

272 932 311 969 lo
328 933 442 969 modo
460 933 664 982 possumus.
696 934 790 970 Sunt
809 934 883 970 illae
902 934 1056 982 quidem
1075 931 1261 982 majorum
1277 931 1465 981 gentium,

274 1009 365 1046 quas
392 997 592 1042 Romulus,
612 1011 702 1047 quas
729 1000 843 1035 ceteri
871 1011 976 1049 reges
1003 999 1120 1048 usque
1148 1000 1192 1035 ad
1221 998 1468 1046 Tarquinium

276 1059 456 1104 Priscum,
477 1060 660 1109 fiquidem
681 1062 831 1100 Livium
855 1061 1067 1110 sequamur,
1088 1063 1185 1098 inter
1212 1060 1383 1110 patricios
1404 1072 1468 1095 co-

275 1132 474 1174 optarunt:
505 1127 732 1175 reliquarum
752 1127 886 1163 eadem
904 1128 1037 1175 opinor
1054 1117 1147 1163 ratio
1167 1127 1232 1171 est,
1261 1127 1402 1162 incerta
1429 1131 1468 1162 et

275 1189 440 1227 obscura.
497 1190 621 1227 Prima
638 1196 766 1226 autem
787 1196 825 1226 et
843 1190 1031 1238 praecipua
1053 1191 1268 1227 Latinarum
1297 1190 1467 1238 gentium

275 1253 428 1291 Valeria
446 1253 511 1299 est,
528 1265 618 1289 curn
631 1260 783 1303 propter
800 1255 945 1303 generis
962 1254 1235 1302 antiquitatem,
1256 1260 1339 1289 tum
1356 1253 1468 1290 etiam

273 1322 428 1366 propter
455 1316 642 1354 summam
669 1317 920 1361 nobilitatem,
942 1317 1175 1366 eximiasque
1200 1318 1364 1360 virtutes,
1386 1316 1470 1365 qui-

277 1381 347 1418 bus
366 1380 449 1418 haec
466 1393 558 1430 gens
577 1381 686 1418 facile
706 1382 849 1418 caeteris
869 1382 1096 1419 antecelluit.
1125 1380 1323 1431 Dionyfius
1340 1381 1406 1418 lib.
1421 1382 1473 1419 iv.

276 1449 317 1481 et
335 1457 372 1482 v.
397 1445 526 1482 autitor
553 1445 619 1489 est,
648 1450 802 1494 gentem
821 1445 1011 1483 Valeriam
1037 1458 1086 1482 ex
1114 1445 1255 1483 Sabinis
1275 1444 1470 1482 oriundam

277 1519 368 1544 cum
401 1509 511 1545 Tatio
539 1520 640 1558 rege,
660 1510 723 1557 qui
751 1521 841 1545 cum
869 1509 1055 1545 Romulus
1083 1510 1228 1557 imperii
1254 1506 1470 1545 societatem

277 1572 590 1616 communicarat,
611 1572 649 1607 in
669 1573 802 1608 urbem
832 1572 1014 1621 migrafi'e.
1044 1571 1261 1608 Plutarchus
1282 1570 1472 1608 Valefium

277 1637 398 1684 gentis
427 1636 633 1684 principem
662 1635 837 1684 appellat,
862 1647 977 1684 quem
1007 1636 1122 1671 etiam
1151 1635 1340 1672 auetorem
1371 1635 1472 1684 pacis

274 1700 373 1736 inter
394 1700 547 1736 Sabinos
579 1705 618 1736 et
645 1700 835 1735 Romanos
867 1698 971 1735 fuiffe
1002 1699 1138 1736 scribit.
1195 1699 1298 1735 Hinc
1323 1698 1469 1735 Valefia

280 1763 364 1799 haec
384 1775 475 1812 gens
492 1764 672 1811 primum,
694 1763 773 1811 post
789 1763 937 1800 Valeria
957 1763 1053 1799 dieta
1078 1762 1143 1806 est,
1158 1769 1201 1799 ut
1219 1763 1333 1799 etiam
1353 1762 1471 1807 Fufia,

279 1826 433 1876 Papifia,
454 1826 620 1870 Auselia,
639 1826 791 1862 Vetufia
808 1842 816 1863 ε
848 1839 970 1875 neque
999 1826 1101 1862 enim
1127 1833 1212 1863 ante
1232 1826 1347 1874 Appii
1366 1825 1470 1862 Caeci

282 1897 445 1935 aetatem‚
467 1892 529 1940 qui
551 1892 690 1940 primus
708 1891 857 1927 literam
875 1892 908 1928 R
925 1890 1116 1940 protuliffe
1143 1890 1290 1931 dicitur,
1312 1889 1470 1933 Valerii,

279 1954 396 1998 Furii,
419 1955 566 2002 Papirii,
587 1955 746 1998 Aurelii,
766 1955 914 1991 Veturii
944 1955 1028 1991 dieti
1056 1954 1140 1990 sunt
1158 1970 1165 1990 :
1197 1966 1268 2002 qua
1283 1954 1329 1989 de
1350 1965 1388 1989 re
1407 1954 1470 1989 Li-

280 2019 362 2054 vius
383 2018 448 2054 lib.
466 2019 514 2054 iii.
536 2019 669 2055 Cicero
690 2019 790 2067 epist.
814 2020 863 2055 ix.
882 2019 928 2054 ad
949 2018 1133 2066 Papirium
1154 2018 1310 2053 Paetum.
1350 2017 1471 2053 Varro

282 2082 330 2118 de
349 2083 458 2131 Ling.
487 2083 568 2119 Lat.
589 2083 639 2120 vi.
667 2083 885 2119 Macrobius
914 2095 993 2130 cap.
1015 2088 1050 2118 2.
1073 2082 1155 2118 libri
1180 2081 1277 2116 tertii
1298 2081 1472 2116 Saturna-

281 2146 401 2182 lium:
433 2152 471 2181 et
491 2146 616 2182 Festus
645 2148 787 2195 primo:
819 2147 1045 2194 Pomponius
1072 2156 1221 2193 quoque
1241 2145 1310 2180 JC.
1332 2144 1379 2179 de
1398 2146 1471 2180 ori-

279 2210 367 2257 gine
381 2207 490 2258 juris.
545 2210 726 2246 hieminit
744 2210 857 2246 etiam
878 2207 1068 2257 cujusdam
1092 2207 1225 2244 Valefii
1246 2208 1310 2244 lib.
1332 2208 1369 2243 ii.
1390 2208 1469 2244 Va·

282 2272 395 2308 lerius
414 2273 622 2317 Maximus,
639 2274 700 2321 qui
721 2273 799 2309 Diti
820 2274 913 2321 patri
932 2279 970 2308 et
990 2272 1213 2320 Proserpinae
1233 2283 1293 2307 ara
1310 2271 1376 2307 sub
1395 2277 1469 2307 ter-

282 2346 321 2371 ra
348 2342 504 2384 reperta,
526 2336 624 2373 sacra
647 2337 789 2386 primus
805 2336 920 2373 furvis
934 2335 1058 2372 hostiis
1073 2335 1184 2372 fecit:
1216 2333 1321 2384 cujus
1339 2346 1470 2371 exem-
