1572 2616
457 184 834 216 HISTORIARUM
869 185 1074 215 LIBROS·
1282 185 1364 230 205

165 264 331 297 Ptolemaei
347 268 462 304 statua,
481 277 534 307 23,
554 277 604 298 10.

166 310 370 343 Ptolemaeus.
386 311 585 351 Cyrenarum
608 319 677 348 rex,
694 309 857 341 haeredem
882 308 1042 350 populum
1066 309 1258 340 Romanum
1273 308 1371 340 relin-

232 354 291 390 uit‚
310 353 334 383 E
359 355 394 384 it.
412 363 464 391 70.

166 363 364 427 Pucblicansss
379 397 435 427 ubi
453 398 508 435 est,
525 396 568 427 ibi
584 403 640 428 aut
653 395 705 435 jus
720 395 893 437 publicum
909 405 1046 434 vanum,
1060 402 1117 426 aut
1132 395 1260 427 libertas
1277 396 1369 427 sociis

210 439 312 477 nulla,
327 450 349 479 4
374 462 384 477 ,
403 441 453 470 18.

164 449 418 514 Publicanor'ixm
435 484 556 524 privata
571 483 709 524 pecunia
724 493 772 513 res
797 481 929 523 publica
941 483 1175 521 administrata,
1193 493 1248 522 23,
1263 484 1319 524 48.
1335 489 1369 515 et

163 568 415 600 publicanorum
431 570 516 600 fraus
531 570 563 600 in
579 570 794 601 ementiendis
812 569 998 609 naufragiis,
1016 580 1033 601 2
1038 576 1070 610 5,
1087 579 1118 609 3.
1142 569 1273 600 turbant
1288 578 1368 600 con-

207 612 319 642 cilium
338 613 453 653 plebis,
468 613 540 643 ibid.
557 620 585 643 et
600 623 633 653 4.

163 654 200 685 C.
218 655 382 686 Publicius
406 656 553 693 Bibulus,
571 657 718 687 tribunus
742 656 856 696 plebis,
875 656 1028 686 inimicus
1053 655 1224 693 Marcello,
1242 663 1296 695 27,
1314 665 1379 698 202

207 700 334 729 accusat
352 699 547 730 Marcellum
564 707 596 730 et
611 710 746 730 omnem
763 700 981 737 nobilitatem,
999 709 1052 731 21.

164 741 197 771 L.
214 742 378 772 Publicius
396 743 540 781 Bibulus,
555 744 703 773 tribunus
720 744 864 774 militum
879 743 918 773 de
934 743 1060 783 legione
1074 743 1227 781 secunda,
1244 752 1295 776 22,
1311 750 1367 783 53.

161 784 325 816 Publicius
341 786 464 823 Clivus,
479 786 547 816 vid.
566 787 688 817 Clivus.

162 827 326 859 Publicius
342 829 526 863 Malleolus,
545 830 629 869 Epit.
646 830 699 860 68.
736 838 739 839 ’

162 870 342 909 Publicola,
360 873 426 904 vid.
442 873 598 903 Valerius.

163 913 300 945 Publilia
317 916 417 946 tribus
433 916 552 953 addita,
573 924 603 953 7,
625 925 674 956 15.

163 957 314 995 Publilia,
330 959 447 989 nobilis
469 960 604 996 femina,
622 961 728 989 virum
744 959 840 990 suurn
865 958 1069 989 consularem
1086 958 1210 989 necaffe
1233 958 1368 990 infimu-

206 1000 283 1038 lata,
297 1010 510 1040 cognatorum
528 1003 654 1032 decreto
671 1009 818 1038 necatur,
837 1002 920 1041 Epit.
939 1003 991 1042 48.
1258 1014 1266 1022 ·

163 1043 199 1073 C.
216 1043 373 1075 Publilius
389 1046 430 1075 ob
445 1055 488 1075 aes
501 1045 646 1076 alienum
662 1053 833 1084 paternum
851 1054 966 1081 nexus,
985 1047 1017 1080 8,
1036 1046 1089 1076 28.

164 1087 198 1116 L.
215 1087 372 1118 Publilius
388 1088 532 1124 Volscus,
551 1089 698 1118 tribunus
714 1089 857 1118 militum
875 1087 1032 1118 consulari
1050 1089 1215 1127 potestate,
1233 1094 1265 1127 5,
1285 1098 1336 1119 12.

164 1131 204 1160 Q,
224 1130 391 1168 Publilius,
409 1132 556 1161 tribunus
572 1131 684 1170 plebis,
702 1132 735 1161 in
752 1131 903 1161 seditione
926 1131 1095 1161 Manliana
1112 1131 1236 1162 senatus
1252 1131 1367 1172 probat

205 1173 350 1211 consilia,
368 1175 399 1211 6,
420 1184 469 1214 19.
494 1175 619 1205 Manlio
635 1175 722 1204 diem
737 1175 827 1211 dicit,
848 1184 900 1206 20.

164 1217 206 1247 Q.
222 1217 392 1255 Publilius,
410 1219 602 1257 quinquevir
619 1218 807 1255 mensarius,
827 1225 856 1254 7,
877 1227 927 1248 21.

164 1260 205 1290 Q.
225 1261 381 1291 Publilius
407 1261 512 1298 Philo,
540 1261 664 1298 consul,
691 1262 723 1297 8,
748 1272 796 1292 12.
822 1262 952 1291 Latinos
978 1260 1167 1291 rebellantes
1189 1261 1309 1298 fundit,
1335 1267 1367 1291 et

205 1305 314 1334 castris
340 1305 443 1341 exuit,
462 1304 534 1334 ibid.
558 1304 692 1335 dictator
710 1305 825 1341 ᾱὶόὶυε,
852 1312 912 1334 tres
935 1304 1020 1343 leges
1042 1305 1100 1334 fert
1127 1304 1366 1335 secundiffimas

206 1347 306 1386 plebi,
331 1347 403 1377 ibid.
429 1349 552 1388 primus
579 1355 694 1388 praetor
722 1348 876 1388 plebeius,
898 1355 946 1387 15.
971 1348 1119 1387 magister
1142 1349 1290 1386 equitum
1318 1348 1367 1377 di-

205 1390 288 1426 etus,
309 1392 359 1421 16.
382 1391 504 1428 censor,
526 1400 575 1428 17.
599 1391 710 1421 consul
735 1392 864 1427 iterum,
891 1401 942 1422 22.
967 1391 1090 1421 bellurn
1115 1394 1194 1430 gerit
1219 1391 1367 1421 adversus

206 1433 463 1473 Palaepolitanos,
480 1434 553 1464 ibid.
571 1442 598 1464 et
615 1444 666 1473 23.
683 1434 749 1464 vid.
772 1442 800 1463 et
817 1443 868 1473 25.
893 1435 919 1464 ei
944 1435 1098 1464 omnium
1126 1435 1230 1473 primo
1258 1444 1367 1473 proro-

206 1483 317 1516 gatum
337 1477 524 1517 imperium,
542 1485 573 1507 et
589 1478 683 1508 datus
699 1479 766 1517 post
792 1477 900 1508 aftum
917 1477 1076 1507 honorem
1094 1478 1292 1516 triumphus,
1311 1479 1365 1509 26.

206 1520 317 1550 consul
335 1522 479 1558 tertium,
495 1532 528 1562 9,
549 1529 578 1556 7.
601 1521 703 1551 vincit
719 1521 893 1557 Samnites,
915 1530 964 1559 13.
981 1520 1048 1551 vid.
1065 1526 1093 1550 et
1113 1530 1161 1560 14.
1179 1527 1208 1550 et
1228 1529 1277 1560 15.

161 1563 202 1592 Τ.
220 1563 376 1593 Publilius
392 1573 493 1603 augur
508 1565 547 1594 de
563 1564 656 1604 plebe
672 1571 810 1601 creatur,
833 1573 882 1601 10,
902 1575 932 1604 9.

163 1605 236 1636 Vol.
254 1607 421 1643 Publilius,
448 1608 549 1638 homo
574 1609 613 1638 de
639 1607 743 1646 plebe,
763 1614 858 1646 negat
884 1607 912 1636 se
937 1606 1002 1636 fieri
1027 1605 1140 1636 debere
1164 1606 1316 1643 militem,
1336 1617 1365 1641 2⁴

207 1657 260 1689 55.
285 1650 424 1690 appellat
446 1651 604 1688 tribunos,
622 1651 692 1681 ibid.
717 1651 862 1681 consules
889 1650 1012 1690 spoliari
1038 1649 1213 1680 Publilium
1233 1650 1365 1687 jubent,

174 1707 178 1710 ⁴
207 1692 280 1722 ibid.
304 1700 454 1732 proiocat
470 1696 509 1723 ad
524 1694 694 1734 populum,
710 1694 782 1724 ibid.
808 1693 982 1733 praevalcns
1000 1693 1074 1733 ipse,
1092 1700 1123 1722 et
1139 1693 1368 1730 adjuvantibus

206 1736 381 1772 advocatis,
397 1736 519 1776 repellit
542 1737 699 1770 liftorern,
714 1737 787 1767 ibid.
812 1738 953 1767 comitiis
977 1743 1102 1765 creatur
1127 1737 1276 1766 tribunus
1302 1737 1369 1776 ple·

205 1778 267 1815 bis,
286 1780 336 1819 56.
361 1781 558 1819 rogationem
577 1782 634 1810 fert
652 1781 690 1809 ad
709 1779 880 1819 populum,
898 1786 933 1810 ut
949 1779 1062 1819 plebeii
1088 1780 1288 1818 magistratus
1311 1780 1367 1811 tri-

208 1820 295 1851 butis
312 1822 390 1852 fiant
406 1823 555 1855 comitiis,
573 1823 644 1852 ibid.
669 1833 687 1853 a
701 1823 791 1862 plebe
810 1824 956 1853 tribunus
972 1822 1124 1859 reficitur,
1141 1822 1212 1851 ibid.

164 1863 236 1894 Vol.
254 1865 422 1902 Publilius,
438 1866 584 1895 tribunus
601 1866 744 1896 militum
760 1866 916 1895 consulari
935 1866 1100 1905 potestate,
1118 1872 1150 1904 5,
1172 1875 1220 1904 13.

165 1906 330 1937 Pudicitiae
345 1909 485 1947 patriciae
501 1909 652 1938 sacellum
671 1910 703 1938 iri
721 1910 787 1938 foro
804 1909 928 1944 Boario,
950 1918 1000 1945 10,
1020 1918 1072 1947 23.

165 1950 327 1980 Pudicitiae
346 1951 477 1990 plebeiae
493 1961 559 1988 ara,
575 1961 594 1981 a
611 1952 765 1991 Virginia,
783 1952 857 1982 Auli
875 1952 955 1987 filia,
973 1952 1152 1989 dedicatur,
1170 1950 1239 1981 ibid.

162 1993 242 2024 Puer
256 2004 333 2024 cum
348 1994 509 2034 elephanti
524 1996 628 2034 capite
646 2002 753 2032 natus,
767 1995 835 2026 vid.
852 1995 1048 2034 Prodigium.

162 2036 252 2067 Pueri
283 2037 420 2068 Romani
449 2039 565 2068 erudiri
592 2039 670 2069 soliti
697 2038 777 2069 olim
804 2039 940 2069 Etruscis
967 2038 1077 2075 literis,
1102 2044 1139 2068 ut
1161 2045 1256 2068 aetate
1285 2039 1366 2069 Livii

210 2081 343 2117 Graecis,
385 2103 394 2117 ,
410 2081 462 2120 36.

166 2121 254 2153 Pueri
273 2125 347 2163 regii
362 2093 450 2164 z9ipud
465 2124 674 2161 Macedonas,
691 2132 747 2165 45,
767 2126 797 2155 6.
822 2124 986 2154 transeunt
1003 2124 1042 2154 ad
1059 2123 1238 2160 Romanos,
1255 2124 1327 2155 ibid.

164 2165 284 2205 Pugnae
304 2167 524 2198 Romanorum
539 2168 692 2198 terrestres
705 2175 735 2198 et
752 2167 894 2204 navales,
914 2177 941 2204 1,
962 2177 1012 2206 30.
1036 2177 1068 2207 4,
1088 2176 1139 2205 33.
1169 2175 1198 2203 7,
1216 2170 1247 2197 8.
1266 2171 1318 2198 26.
1334 2174 1367 2199 et

211 2217 262 2245 27.
287 2212 319 2246 8,
342 2220 370 2241 1.
385 2217 416 2240 et
434 2211 485 2248 38.
513 2223 544 2252 9,
566 2221 615 2250 13.
635 2221 685 2241 21.
706 2221 755 2242 22.
775 2222 824 2250 23.
845 2219 895 2248 27.
915 2221 965 2250 32.
985 2219 1035 2250 35.
1055 2211 1106 2248 38.
1127 2220 1176 2249 39.
1193 2220 1247 2248 40.
1265 2218 1295 2240 et
1311 2222 1367 2252 44.

212 2261 263 2288 10,
283 2262 312 2282 2.
328 2262 406 2293 3.5.
427 2263 475 2284 12.
497 2264 544 2293 ¹4·
567 2264 616 2295 19.
634 2263 684 2291 27.
704 2263 754 2292 31.
773 2256 824 2294 36.
840 2261 870 2284 et
887 2264 939 2293 41.
966 2263 1019 2289 ιι,
1039 2263 1091 2293 5ο.
1109 2262 1158 2293 55.
1185 2260 1215 2283 et
1239 2261 1291 2293 57.
1312 2265 1366 2292 22,

210 2303 241 2334 5.
260 2296 289 2325 6.
309 2305 337 2332 7.
359 2299 406 2325 16.
426 2304 523 2334 19.et
539 2305 591 2336 47.
618 2307 671 2336 23,
688 2307 741 2336 40.
759 2308 812 2337 41.
828 2305 858 2327 et
875 2307 929 2338 44.
954 2306 1006 2335 24,
1024 2306 1076 2335 41.
1102 2305 1156 2333 27,
1179 2306 1227 2326 12.
1254 2307 1308 2335 29,
1336 2308 1365 2329 2.

211 2348 264 2377 33,
282 2349 312 2379 9.
337 2348 391 2377 34,
414 2349 461 2378 ¹4·
485 2348 531 2379 15.
555 2347 585 2370 et
609 2342 664 2380 46.
688 2349 741 2381 35,
762 2351 787 2371 1.
807 2348 836 2380 5.
857 2348 886 2377 7.
906 2350 955 2370 22.
980 2347 1010 2369 et
1036 2349 1086 2377 29.
1111 2342 1164 2378 36,
1185 2340 1233 2370 18.
1259 2348 1290 2371 et
1312 2351 1366 2380 44.

211 2390 263 2420 37,
282 2391 333 2420 23.
352 2391 402 2420 30.
421 2391 451 2412 et
465 2393 608 2423 41—44.
631 2393 684 2425 39,
704 2393 842 2424 30—33.
864 2393 920 2424 40,
936 2393 990 2423 40.
1006 2392 1062 2422 44,
1079 2392 1133 2422 4¹-

163 2425 313 2464 Pulcher,
326 2424 393 2456 vid.
407 2425 571 2457 Claudius.
