1572 2616
267 187 351 228 214
610 186 776 215 INDEX
813 187 866 215 IN
902 187 947 215 T.
972 188 1105 217 LIVII

347 267 485 298 invitant
508 266 548 296 ad
571 265 600 296 se
625 266 745 305 legatos
769 266 948 303 Romanos,
972 266 1078 298 rniss'os
1101 268 1140 298 ad
1163 268 1378 307 Antiochum,
1394 277 1449 309 45,

308 320 358 341 10.
383 312 415 341 in
440 319 493 339 eos
518 310 666 348 asperitas
689 310 725 339 C.
743 309 879 349 Popillii,
897 309 990 349 legati
1010 310 1161 348 Romani,
1178 311 1250 343 ibid.
1273 313 1328 352 qui
1345 313 1453 343 Perseo

303 355 458 390 faverant,
476 354 671 383 damnantur
685 354 810 392 capitis,
821 353 892 383 ibid.
915 363 1027 384 eorum
1044 355 1137 393 legati
1152 355 1236 385 male
1248 357 1453 395 excipiuntur

304 397 431 434 Romae,
450 405 501 427 20.
525 404 637 426 contra
652 405 705 426 eos
720 397 871 433 Thalnae,
890 399 1046 436 praetoris,
1064 399 1196 437 rogati0‚
1216 409 1265 430 21.
1290 409 1402 429 eorum
1420 399 1452 428 in

303 442 413 470 senatu
430 440 542 475 oratio,
561 450 612 471 22.
636 446 768 469 eatenus
783 440 890 470 sociali
906 440 1023 470 foedere
1039 450 1116 471 cum
1133 441 1288 472 Romanis
1310 451 1376 473 non
1393 441 1454 472 illi-

303 485 379 523 gati,
396 491 475 513 tune
491 483 675 513 societatem
692 483 863 521 petendam
880 490 1008 522 putant,
1027 492 1078 524 25.

259 527 459 563 Rhoduntia‚
475 535 634 556 cacumen
652 527 771 556 montis
786 526 884 563 OEtae‚
904 527 958 564 36,
980 528 1028 557 16.

260 570 450 606 Rhoeteum,
467 570 635 608 oppidum,
654 577 706 607 37,
725 580 754 609 9.
771 576 802 598 et
819 577 871 607 37.
897 571 950 607 38,
969 579 1021 611 39.

256 614 472 653 Rhomphaeae
487 613 666 645 Thracum,
684 622 737 650 31,
755 621 806 651 39.

259 657 396 696 Rogatio
411 657 449 685 de
465 656 600 686 tribunis
617 655 730 695 plebis,
748 665 813 685 non
829 655 932 693 aliter,
948 666 1049 696 quam
1065 666 1119 697 per
1135 657 1279 696 suffragia
1295 657 1451 693 tribuum,

301 700 456 733 creandis,
474 709 504 738 3,
523 700 576 739 65.

256 759 301 767 —-
313 744 352 773 de
368 743 533 773 connubio
550 743 679 772 Patrum
695 747 727 771 et
742 741 856 781 plebis,
871 751 906 781 4,
928 752 955 772 1.

254 803 298 809 —
314 787 353 816 de
369 786 521 816 faciendis
537 784 736 822 consulibus,
752 785 804 815 seu
822 786 860 815 de
876 785 980 824 plebe,
997 786 1050 815 seu
1066 785 1104 815 de
1120 786 1276 824 Patribus,
1294 786 1365 817 ibid.

258 846 301 852 —
318 830 357 860 de
373 829 576 869 publicandis
591 828 685 858 bonis
697 828 819 858 Servilii
833 828 960 865 Ahalae,
977 839 1011 868 4,
1029 839 1081 860 21.

255 889 299 895 -—
315 879 352 907 ut
367 882 440 912 ager
455 882 495 901 ex
510 872 653 902 hostibus
664 878 779 910 captus
793 872 914 901 viritim
927 872 1098 908 dividatur,
1114 882 1148 912 4,
1165 873 1220 911 48.

255 932 300 939 —-
317 922 350 946 ut
366 925 422 955 pro
439 915 617 945 duumviris
633 914 724 944 sacris
740 915 898 945 faciundis
914 922 1060 945 creentur
1075 915 1262 952 decemviri,
1279 916 1310 952 6,
1329 923 1380 953 37.

255 975 300 982 --
313 960 350 988 de
368 959 511 988 unciario
527 959 661 994 foenore,
681 965 710 994 7,
732 958 781 988 16.

253 1018 298 1025 —
313 1003 352 1031 de
367 1001 572 1037 Tusculanis,
591 1002 622 1036 8,
642 1008 693 1039 37.

255 1062 299 1068 —
314 1051 350 1075 ut
367 1046 484 1074 tribuni
503 1043 728 1080 militumseni
745 1043 819 1074 deni
835 1043 868 1073 in
886 1049 1023 1083 quatuor
1043 1043 1183 1083 legiones
1205 1054 1225 1074 a
1249 1043 1368 1084 populo
1385 1053 1452 1074 cre-

299 1095 405 1124 entur,
423 1097 455 1126 9,
475 1097 525 1126 30.

253 1148 298 1154 —
313 1132 351 1161 de
365 1131 545 1162 duumviris
561 1129 728 1160 navalibus
745 1130 900 1165 creandis,
918 1129 991 1161 ibid.

251 1191 296 1198 —
311 1175 350 1204 de
366 1174 574 1214 pontificibus
590 1173 824 1212 auguribusque
840 1173 970 1212 plebeiis
986 1173 1181 1212 adlegendis‚
1199 1182 1248 1210 10,
1267 1173 1297 1203 6.

255 1234 299 1240 -—
314 1218 352 1247 de
369 1217 453 1247 bello
471 1217 698 1252 Macedonico,
718 1225 771 1254 31,
789 1217 819 1245 6.

253 1277 297 1283 —
311 1261 349 1290 de
366 1270 444 1299 pace
460 1269 538 1290 eum
556 1259 789 1289 Macedonibus
804 1259 836 1288 in
854 1258 1012 1298 Capitolio
1028 1259 1067 1288 ad
1081 1258 1208 1298 plebem
1223 1259 1300 1297 lata,
1315 1269 1368 1298 33,
1384 1269 1435 1299 25.

252 1319 296 1326 -
312 1304 351 1333 de
363 1303 449 1333 bello
465 1303 610 1332 adversus
624 1302 841 1338 Antiochum,
862 1302 914 1339 36,
936 1312 963 1332 1.

252 1363 296 1370 —
311 1354 390 1386 quot
406 1356 508 1375 annos
524 1346 590 1375 nati
606 1354 772 1384 quemque
788 1346 1008 1384 magistratum
1024 1351 1146 1385 petant,
1163 1354 1219 1384 40,
1233 1354 1288 1385 44.

253 1406 298 1413 —
313 1390 352 1419 de
368 1389 599 1419 Statiellatibus
615 1388 792 1428 Liguribus,
808 1398 864 1427 42,
883 1398 936 1418 21.

252 1450 297 1456 -
311 1433 350 1463 de
365 1433 450 1462 bello
466 1433 499 1461 in
516 1432 634 1467 Persea,
651 1441 706 1471 42,
725 1441 778 1470 30.

252 1493 297 1499 -
313 1477 351 1506 de
367 1476 451 1506 bello
469 1475 602 1505 Rhodiis
619 1475 802 1508 indicendo,
819 1483 875 1514 45,
895 1484 946 1505 21.

252 1519 439 1558 Rogationis
454 1527 584 1548 carmen
602 1518 640 1547 de
657 1518 791 1548 tribunis
808 1517 909 1557 plebis
925 1527 944 1547 a
958 1517 1068 1547 Duilio
1085 1517 1268 1554 recitatum,
1288 1526 1319 1555 3,
1334 1517 1386 1556 64.

251 1563 445 1601 Rogationes
456 1562 569 1591 Licinii
587 1561 750 1600 Sextiique
766 1561 972 1591 tribunorum
987 1561 1110 1591 recitari
1126 1566 1234 1590 vetant
1251 1560 1394 1599 collegae,
1414 1561 1446 1597 6,

297 1615 349 1645 35·

250 1648 370 1687 Rogus,
391 1655 511 1687 25,17.
538 1649 590 1683 23,
605 1656 657 1684 23.

250 1691 357 1721 Roma
371 1691 501 1720 condita
518 1700 535 1719 a
552 1688 707 1724 Romulo,
729 1698 754 1722 1,
773 1689 803 1718 6.

248 1751 292 1758 -
307 1741 404 1772 caput
421 1733 503 1762 orbis
521 1739 673 1762 terrarum
690 1731 749 1761 effe
761 1731 892 1769 jubetur
908 1741 925 1761 a
938 1731 1020 1767 Diis,
1039 1741 1067 1769 1,
1090 1732 1139 1761 16.
1155 1730 1222 1761 vid.
1238 1738 1265 1760 et
1284 1741 1336 1768 21,
1355 1739 1407 1768 30.

247 1794 292 1800 —
308 1777 416 1806 crescit
430 1785 468 1805 ex
487 1776 586 1805 ruinis
601 1775 705 1811 Albae,
728 1785 753 1808 1,
773 1784 823 1812 30.

248 1838 291 1843 --
308 1820 446 1857 cingitur
462 1828 554 1848 muro
570 1818 707 1856 lapideo,
726 1827 754 1853 1,
774 1820 824 1855 38.

247 1880 291 1886 --
307 1862 531 1901 quadrifariam
546 1861 643 1891 divisa
659 1861 840 1899 regionibus
854 1860 1063 1899 collibusque,
1086 1869 1112 1897 i,
1130 1870 1182 1899 43.

247 1923 291 1929 -
306 1905 535 1944 amplificatur,
552 1911 583 1934 et
599 1913 711 1942 aggere
727 1903 869 1943 fossisque
886 1904 1115 1941 circumdatur,
1137 1914 1166 1940 r,
1183 1912 1237 1943 44.

248 1966 291 1971 —
306 1948 465 1978 obsidetur
481 1957 498 1976 a
515 1948 660 1983 Porsena,
679 1957 710 1984 2,
732 1956 780 1977 11.
889 1970 893 1974 .

247 2008 290 2014 —
306 1991 450 2031 diripitur
474 2000 490 2019 a
516 1990 630 2026 Gallis,
649 1997 680 2029 5,
698 1999 751 2028 41.
776 1996 806 2018 et
831 1989 1025 2026 incenditur,
1043 1999 1095 2028 42.
1122 1990 1322 2024 instauratur,
1341 1995 1391 2027 55.
1408 1993 1441 2017 et

291 2036 324 2071 6,
342 2043 372 2073 4.
396 2034 465 2071 ejus
481 2033 556 2062 fixus
572 2033 751 2071 descripti0‚
768 2039 799 2062 et
816 2032 898 2069 laus,
914 2039 945 2071 5,
964 2039 1015 2072 54.
1040 2031 1185 2071 pestilens
1201 2038 1296 2069 atque
1313 2031 1438 2060 aridum

291 2078 376 2107 circa
391 2077 503 2106 urbem
520 2075 637 2111 solum,
658 2083 687 2112 7,
707 2076 758 2113 38.

247 2120 362 2150 Romae
379 2120 464 2149 urbis
480 2118 639 2157 templum
658 2118 742 2156 apud
759 2117 1009 2154 Alabandenses,
1027 2125 1081 2156 43,
1101 2116 1131 2145 8.

248 2163 405 2192 Rornanae
422 2161 605 2199 reipublicae
621 2161 703 2196 laus,
721 2161 817 2200 Praef.
836 2159 888 2190 lib.
910 2169 937 2189 1.

243 2222 288 2228 ——
304 2205 439 2235 altitudo
456 2205 570 2240 animi,
583 2213 616 2242 4,
632 2204 661 2233 6.

244 2265 288 2271 --
304 2258 394 2278 amor
408 2247 573 2283 libertatis,
593 2257 623 2284 2,
645 2252 692 2285 15.
718 2246 750 2282 6,
773 2255 820 2283 19.

245 2308 289 2313 —
304 2300 395 2320 amor
411 2291 442 2319 in
459 2290 607 2329 patriam,
627 2298 678 2326 23,
695 2298 749 2329 49.
774 2298 828 2327 24,
850 2288 898 2318 18.
923 2288 976 2323 26,
993 2288 1045 2325 36.

244 2351 288 2356 —
304 2334 482 2362 constantia
499 2334 531 2362 in
548 2332 693 2368 adversis,
712 2341 743 2369 9,
763 2341 790 2369 3.
817 2341 868 2367 22,
887 2334 939 2370 55.
956 2337 987 2359 ct
1003 2330 1056 2360 61.
1077 2339 1134 2370 42,
1153 2330 1205 2361 62.

243 2393 288 2400 -
302 2382 408 2415 gratus
432 2376 465 2405 in
486 2375 568 2405 bene
585 2375 714 2405 meritos
738 2375 776 2403 de
801 2374 855 2404 sua
878 2373 1041 2413 republica
1057 2374 1200 2411 animus,
1215 2382 1247 2411 2,
1268 2380 1318 2403 10.
1333 2376 1365 2402 et
1384 2380 1432 2410 13.

290 2428 320 2459 5,
336 2426 389 2458 47·
416 2427 467 2456 30,
489 2426 537 2458 15·
562 2427 615 2457 37,
634 2425 685 2458 25·
708 2427 762 2457 442
783 2418 832 2448 16-
