1572 2616
657 133 995 164 ROMANORUM

475 212 532 244 lib.
544 213 599 244 vii.
613 214 685 244 Cos.
700 224 776 244 cum
792 215 826 245 C.
842 215 977 251 Plautio,
995 222 1080 245 anno

473 266 510 296 4¹
520 268 548 288 2.
582 257 791 287 Caffiodorus.
819 259 963 288 Dic'kator
978 259 1081 288 comi-

478 301 595 330 tiorum
624 300 845 330 habendorum
872 301 978 337 causa,
1003 310 1090 331 anno

477 344 552 382 418.
567 344 638 373 Cos.
657 353 699 378 ιι,
712 352 788 372 curu
804 344 839 373 C.
855 344 991 381 Plautio,
1003 353 1090 374 anno

475 396 551 426 424.
575 385 783 416 Caffiodorus.
819 387 924 416 Livius
947 386 1001 416 lib.
1016 388 1081 417 viii.

421 437 429 444 ·
476 430 515 459 In
531 430 593 458 hoe
610 429 730 458 honore
754 438 953 459 varzssuxs
970 430 1011 458 est
1029 439 1084 468 ap-

221 644 424 678 AlMlLu

221 688 428 721 PAULLI.

224 1244 417 1278 AIMILII

224 1290 405 1321 LEPIDI-

479 471 630 511 pellatus:
644 472 681 501 dc
690 472 920 502 Privernatibus
931 474 1087 511 rvssamph,

475 514 621 545 Difiator
639 524 680 549 ιι,
699 515 739 544 rei
757 516 902 552 gerendae
916 515 1022 552 causa,
1036 524 1089 546 an.

477 566 553 597 437.
571 558 678 587 Livius
696 559 750 588 ιιι».
768 559 811 587 ix.

481 643 530 674 M.
567 643 804 673 AtMlLIUS
845 642 879 672 L.
912 643 946 673 F.
976 643 1013 673 L.
1047 643 1090 674 N.

483 695 654 717 nunnus.
679 686 794 716 cunsul
820 694 896 715 cum
924 685 973 716 M.
991 687 1092 724 Livio,

479 739 566 760 anno
582 739 656 770 45¹·
689 729 899 759 Caffiodorus.
945 730 1093 768 Magister

478 774 625 812 equitum
645 773 686 802 Q.
704 773 801 802 Fabio
819 772 981 809 dietatore,
997 782 1084 802 anno

479 823 556 856 451.
581 816 688 846 Livius
704 815 760 845 lib.
780 825 811 844 x.

482 902 531 932 M.
563 901 801 931 AIMILIUS
834 900 881 930 M.
914 900 947 930 F.
981 900 1014 929 L.
1047 900 1093 931 N.

482 954 652 974 PAULLus,
698 943 814 974 Consul
839 952 915 972 cum
936 943 1001 972 Ser.
1019 943 1092 972 Ful-

480 988 546 1022 vio,
563 996 649 1016 auno
665 988 740 1027 498.
767 986 976 1016 Calliodorus.
1000 986 1092 1024 Poly-

481 1030 554 1059 bius
571 1030 626 1059 lib.
645 1030 665 1058 i.
712 1029 882 1068 Eutropius
902 1028 956 1057 lib.
975 1029 1007 1058 ii.
1044 1029 1094 1058 De

482 1072 719 1103 Cofl‘urenfibus
735 1080 765 1102 et
787 1072 891 1102 Poenis
914 1072 1093 1110 triumpha-

481 1122 539 1146 vit.

741 1205 826 1232 ,κῆ

483 1242 533 1273 Μ.
568 1241 769 1273 AIMILIUS
815 1242 850 1272 L.
887 1239 1087 1271 AIMILIUS
1126 1239 1174 1270 M.
1212 1240 1246 1270 F.
1286 1239 1333 1269 M.
1372 1241 1418 1271 N.

486 1295 571 1316 M.}·.
593 1296 632 1318 M.
655 1296 688 1315 N.
715 1295 771 1314 m:-
814 1291 990 1315 PAULLUS.
1031 1284 1103 1313 Cos.
1133 1292 1210 1312 cum
1241 1283 1287 1312 M.
1318 1283 1417 1320 Livio,

484 1338 601 1359 Plnus.
649 1328 767 1358 Consul
812 1337 898 1357 anno
911 1337 983 1366 534.
1001 1326 1209 1355 Caffiodoms.
1226 1325 1344 1356 Plinius
1363 1325 1418 1357 lib.

484 1380 561 1402 cum
594 1372 640 1401 M.
666 1371 770 1401 Pobli-
813 1371 905 1400 xxix.
927 1380 952 1400 1.
998 1370 1120 1409 Illyrios
1141 1369 1194 1407 qul
1218 1368 1417 1405 rebellarant,

484 1416 547 1450 cio,
579 1424 665 1444 anno
694 1424 767 1454 52¹·
813 1414 846 1443 in
873 1413 1068 1442 deditionem
1096 1412 1238 1450 accepit:
1268 1411 1417 1441 Pharium

484 1457 692 1488 Caffiodorus.
710 1457 769 1486 Po·
811 1466 923 1486 eorum
941 1465 1045 1493 regem
1059 1454 1246 1493 profligavit,
1264 1454 1366 1491 deque
1382 1453 1420 1483 iis

483 1500 589 1541 lybius
605 1500 684 1529 libro
700 1500 734 1531 ii.
812 1500 1032 1536 triumphavit.
1050 1497 1157 1536 Polyb.
1175 1496 1229 1525 lib.
1246 1497 1264 1525 i.
1283 1497 1355 1525 Cos.
1375 1505 1418 1532 ιι,

619 1543 632 1571 Ι
813 1551 890 1571 cum
918 1541 1131 1575 C.Terentio,
1160 1548 1245 1568 anno
1273 1546 1346 1577 537.
1379 1538 1418 1567 ln

485 1585 533 1616 M.
568 1584 767 1614 A1M1L1Us
813 1584 925 1622 proelio
941 1581 1097 1613 Canuenli
1115 1582 1232 1610 fortiter
1254 1581 1418 1611 occubuit.

486 1637 526 1658 M.
545 1637 572 1657 F.
596 1637 635 1657 M.
653 1637 686 1657 N.
713 1636 767 1656 ιε-
813 1627 919 1656 Livius
942 1626 996 1655 lib.
1013 1626 1103 1654 xxiii.
1131 1623 1279 1662 Polybius
1295 1624 1326 1658 ii.
1345 1623 1420 1653 Plu-
1455 1632 1461 1636 ·

484 1679 601 1700 mnus.
676 1670 767 1699 Pont.
811 1670 939 1699 tarchus
955 1669 987 1697 in
1006 1667 1115 1698 Paullo
1131 1674 1159 1696 et
1177 1665 1347 1696 Annibale.
1366 1665 1420 1695 Ci-

481 1722 570 1743 max.
607 1713 718 1742 Cicero
733 1713 765 1741 in
811 1721 882 1742 cero
899 1712 930 1740 in
948 1712 1080 1740 Catone.
1117 1710 1283 1748 Appianus
1307 1709 1340 1738 in
1358 1709 1420 1737 Pu-

482 1756 615 1786 Catone.
652 1756 768 1785 Praetor
812 1755 902 1784 uicis.
949 1753 1119 1792 Eutropius
1139 1752 1196 1783 lib.
1212 1751 1255 1781 iii.
1280 1751 1420 1781 Velleius

482 1808 568 1828 anno
587 1799 658 1837 562.
688 1798 770 1827 Livi·
814 1798 928 1837 primo.

485 1851 522 1870 us
559 1841 615 1870 lib.
649 1850 768 1871 xxxv.

484 1884 556 1913 Cos.
602 1893 679 1913 cum
731 1883 766 1913 C.
813 1881 846 1910 L.
863 1880 1060 1911 AlMlLlUS
1075 1880 1109 1911 L.
1125 1879 1156 1908 F.
1173 1878 1220 1908 M.
1234 1877 1277 1907 N.
1291 1878 1418 1908 PAUL-

485 1926 657 1962 Islaminio,
681 1935 767 1954 anno
813 1934 890 1954 Lus.
915 1924 1029 1953 Praetor
1041 1931 1126 1952 anuo
1144 1923 1215 1961 562.
1238 1921 1344 1950 Livius
1360 1920 1416 1950 lib.

485 1969 559 2009 566.
609 1968 768 1998 Caffiodo-
813 1975 912 1996 xxxv.
932 1966 1003 1995 Cos.
1021 1975 1095 1994 curu
1113 1965 1174 1994 Cn.
1194 1963 1315 1999 ssaebio,
1332 1972 1418 1992 anno

484 2021 547 2041 rus.
580 2011 686 2040 Livius
713 2010 768 2040 lib.
815 2016 886 2048 571.
923 2008 1006 2037 Cum
1025 2007 1190 2046 Liguribus
1206 2005 1358 2043 Ingaunis
1375 2005 1418 2034 fe—

483 2054 618 2084 xxxviii.
649 2053 766 2083 Valeri·
811 2052 913 2081 liciter
936 2051 1103 2089 pugnavit,
1128 2056 1158 2078 ct
1183 2049 1220 2077 de
1245 2049 1280 2077 iis
1304 2049 1417 2078 trium-

483 2105 520 2125 us
533 2096 614 2125 libro
627 2096 668 2125 vi.
686 2096 769 2125 Cen·
815 2095 916 2132 phum
935 2094 1007 2127 egit.
1026 2093 1130 2121 Livius
1146 2091 1199 2120 lib.
1214 2090 1328 2120 xxxix.
1346 2090 1418 2120 Cos.

484 2139 531 2168 sor
544 2148 619 2167 cum
635 2139 681 2167 M.
696 2137 770 2167 Ful·
817 2146 857 2173 ιι,
871 2145 946 2165 cum
961 2135 996 2165 C.
1010 2135 1143 2168 Licinio,
1158 2142 1243 2162 anno
1257 2133 1330 2172 585.
1345 2132 1418 2162 Cas-

482 2181 548 2216 vio‚
580 2190 666 2210 anno
695 2189 766 2219 574.
813 2179 962 2208 liodorus.
996 2178 1107 2206 Persen
1133 2175 1350 2204 Macedonum
1373 2184 1417 2203 re-

483 2224 590 2253 Livius
628 2223 683 2252 lib.
724 2222 767 2252 xl.
811 2231 883 2259 gem
902 2221 1020 2258 ingenti
1038 2218 1148 2258 proelio
1161 2218 1199 2247 ad
1215 2218 1356 2257 Pydnam
1370 2217 1421 2246 fu.

483 2266 556 2296 Cos.
574 2275 615 2302 ιι,
632 2275 708 2295 cum
735 2266 765 2294 Ρ.
810 2267 878 2293 lum
895 2264 1105 2300 fugatumque
1125 2261 1229 2290 castris
1246 2260 1346 2295 exuit,
1364 2260 1418 2288 de-

484 2308 609 2344 Mucio,
682 2317 767 2336 anno
810 2305 941 2344 letisque
965 2306 1033 2343 ejus
1055 2304 1168 2342 copiis,
1186 2311 1262 2331 cum
1280 2302 1310 2331 in
1333 2302 1419 2331 insu-

483 2352 558 2391 578.
610 2350 768 2381 Caffiodo-
811 2349 878 2379 lam
895 2348 1150 2379 Samothraciam
1163 2343 1354 2386 profugisset,
1373 2343 1420 2373 vi-
