1572 2616
453 190 832 224 HISTORIARUM
865 190 1069 222 LIBROS.
1280 191 1360 237 253

162 274 324 312 Titurius,
338 273 461 313 legatus
476 274 615 306 Caesaris,
633 272 717 312 Epit.
738 273 810 303 106.

163 319 257 348 Titus
271 318 396 354 Tatius,
421 327 475 346 rex
498 317 706 353 Sabinorum,
728 326 756 353 1·‚
779 325 828 346 10.
851 315 891 346 ad
907 324 985 345 eum
1006 320 1242 355 congregantur
1257 321 1363 356 rapta-

208 370 281 392 rum
298 361 458 399 virginum
470 366 628 400 parentes,
642 359 715 389 ibid.
738 359 861 389 bellum
875 365 977 399 parat,
994 358 1066 389 ibid.
1091 359 1269 398 corrumpit
1284 368 1364 390 auro

208 404 310 434 filiam
324 404 464 443 Tarpeii,
481 412 555 442 quae
570 403 707 437 Sabinos
722 402 755 432 in
772 412 880 433 arcem
904 403 1036 443 accipit,
1056 411 1106 433 11.
1130 411 1194 442 pax
1209 403 1365 434 convenit

209 447 291 477 inter
306 456 383 477 eum
399 453 430 477 et
443 445 638 483 Romulum,
661 453 709 485 13.
726 445 794 484 ejus
809 455 908 483 mors,
928 455 978 485 14.

164 489 255 529 Toga
280 496 436 530 praetexta
458 490 498 520 ab
523 489 661 519 Etruscis
684 489 824 529 sumpta,
845 499 875 527 1,
893 490 923 519 8.
945 490 1073 528 Togarn
1100 494 1293 528 praetextam
1314 488 1367 522 su-

209 539 318 568 munt,
330 534 385 573 qui
398 534 427 564 se
440 541 496 572 pro
510 532 630 573 populo
643 534 815 570 devovent,
826 535 858 569 8,
870 544 902 574 9.
916 532 1016 573 Togae
1027 538 1190 573 praetextae
1205 532 1366 564 habendae

204 575 272 613 jus,
295 582 331 606 ut
359 576 580 616 pontificibus,
604 576 649 606 ita
675 576 788 606 datum
816 576 991 607 triumviris
1012 575 1220 617 epulonibus,
1240 585 1294 616 33,
1309 585 1365 616 42.

208 620 369 658 praetextis
383 619 482 658 Togis
497 620 633 659 quinam
648 625 824 657 uterentur,
842 629 896 659 34,
916 626 946 657 7.

162 677 206 685 --
222 662 372 699 candida,
390 672 443 701 39,
463 671 515 703 39.
533 662 601 694 vid.
616 662 751 694 Album.

163 721 206 728 --
222 705 317 744 pista,
339 714 388 742 10,
407 715 437 743 7.
460 706 586 745 Togam
604 705 724 745 pistam
741 705 913 737 Mafiniffae
930 705 1029 735 donat
1044 705 1165 745 Scipio,
1183 714 1238 745 30,
1257 710 1308 745 15.

163 764 207 772 —
223 758 392 788 purpurea,
411 758 465 786 27,
483 760 514 789 4.
541 758 594 788 31,
612 758 666 781 11.

164 792 330 829 —virilis‚
350 792 402 827 26,
425 802 472 832 19.
496 803 552 832 42,
569 802 620 832 34.

165 834 332 872 Toletum,
350 835 424 865 urbs
448 845 556 874 parva,
573 836 623 865 ted
647 835 720 865 loco
742 835 883 872 munita,
900 842 953 874 35,
972 841 1001 871 7.
1019 840 1050 864 et
1067 843 1118 866 22.
1142 833 1292 874 operibus
1303 834 1370 864 To—

204 877 307 907 letum
323 879 410 918 capit
427 879 475 909 M.
492 878 623 909 Fulvius
638 877 798 917 Nobilior,
816 877 999 917 proconsul,
1015 877 1088 908 ibid.
1104 878 1171 909 vid.
1189 884 1216 907 et
1235 887 1288 916 39,
1312 887 1365 917 30.

166 920 353 951 Tolistoboii
371 921 456 951 Galli
474 922 505 951 in
521 922 608 958 Atia,
623 923 678 961 38,
695 929 744 962 15.
769 930 914 961 quonam
931 921 1030 951 modo
1046 931 1098 951 eas
1113 922 1254 962 ceperint
1271 922 1369 959 sedes,

214 966 262 994 16.
288 964 324 994 iis
341 964 480 995 Romani
506 964 629 995 bellum
656 966 808 1001 inferunt,
824 964 895 995 ibid.
912 971 940 993 et
953 964 1041 1006 stqq.
1058 966 1188 1005 fugiunt
1204 966 1237 994 in
1253 964 1369 1006 Olym-

211 1016 289 1046 pum
307 1015 468 1044 montem,
491 1008 539 1038 18.
557 1014 585 1036 et
604 1017 654 1047 19.
679 1009 866 1044 vincuntur,
885 1016 937 1038 20.
954 1008 1075 1049 etseqq.

165 1049 237 1086 Lar,
252 1049 313 1079 sive
333 1051 448 1085 Lai-tes,
462 1051 674 1087 Tolumnius,
691 1050 877 1081 Veientium
896 1060 964 1086 rex,
982 1061 1016 1090 4,
1037 1057 1086 1086 17.
1110 1051 1150 1081 ad
1166 1060 1242 1081 eum
1258 1050 1371 1081 defici-

209 1099 268 1122 unt
286 1093 427 1131 Fidenae,
446 1093 516 1123 ibid.
542 1093 677 1123 interfici
691 1094 783 1131 jubet
802 1093 922 1133 legatos
944 1093 1123 1131 Romanos,
1141 1093 1212 1124 ibid.
1237 1095 1270 1124 in
1287 1103 1372 1134 proe-

208 1134 252 1165 lio
269 1137 426 1166 occiditur
441 1146 459 1166 a
475 1137 625 1166 Cornelio
643 1137 749 1174 Coffo,
768 1137 897 1167 tribuno
915 1136 1073 1173 militum,
1096 1146 1145 1177 19.

164 1177 302 1208 Tonitru
321 1179 444 1209 ineunti
461 1181 682 1219 magistratum
699 1180 933 1220 superveniens,
946 1180 1024 1210 vitio
1041 1187 1186 1210 creatum
1203 1179 1371 1219 arguebat,

211 1231 263 1259 23,
278 1231 330 1260 31·

164 1264 342 1294 Tormenta
358 1265 489 1301 bellica,
506 1274 558 1305 24,
575 1275 627 1305 34.

164 1307 306 1344 Torone,
324 1308 412 1344 urbs,
429 1310 481 1345 28,
498 1315 526 1345 7.
551 1318 608 1348 44,
626 1318 671 1340 12·
689 1315 746 1348 45,
762 1317 812 1347 30.
836 1317 909 1338 eam
922 1307 1070 1338 incolunt
1086 1309 1210 1349 profugi
1226 1308 1266 1339 ab
1282 1308 1372 1339 The-

206 1350 254 1380 bis
272 1351 476 1388 Phthioticis,
496 1352 549 1388 28,
568 1360 598 1388 7.
622 1352 748 1391 capitur
763 1361 782 1382 a
798 1351 961 1392 Philippo,
979 1351 1051 1381 ibid.

161 1392 300 1423 Toronae
318 1395 591 1433 promontorium,
611 1404 664 1432 31,
682 1402 737 1434 45.

163 1436 387 1467 Toronaicum
402 1447 500 1473 mare,
512 1447 568 1477 44,
589 1447 599 1466 1
610 1447 638 1467 1.

164 1479 362 1518 Torquatus,
378 1490 561 1519 cognomen
574 1480 615 1510 T.
635 1479 761 1510 Manlio
776 1479 904 1517 datum,
921 1487 952 1516 7,
975 1489 1024 1510 10.
1042 1479 1107 1509 vid.
1127 1480 1284 1511 Manlius.

164 1522 305 1561 Torquis
333 1532 446 1554 aureus
471 1524 580 1562 magni
607 1523 756 1563 ponderis
773 1524 804 1553 in
823 1523 984 1563 Capitolio
999 1523 1071 1553 Jovi
1095 1524 1220 1554 donum
1245 1524 1277 1554 in
1301 1524 1370 1555 aede

212 1565 346 1604 positus,
365 1575 418 1604 33,
437 1568 489 1606 36.

164 1608 310 1647 Torques
326 1619 438 1639 aureos
460 1609 550 1639 mille
575 1609 824 1649 quadringentos
849 1608 1047 1649 septuaginta
1070 1609 1228 1640 transtulit
1244 1610 1277 1640 Ρ.
1294 1609 1372 1642 Cor-

211 1651 314 1682 nelius
332 1652 453 1692 Scipio,
473 1654 523 1691 3⁶›
539 1662 593 1691 40.

165 1694 305 1734 Tragula
320 1695 462 1725 Annibal
481 1695 572 1729 ifius,
594 1705 646 1733 21,
670 1702 698 1732 7.
721 1695 818 1725 etiam
835 1695 897 1727 Cn.
914 1695 1035 1734 Scipio,
1053 1705 1105 1735 24,
1119 1705 1173 1735 42.

165 1737 302 1774 Tralles,
318 1737 380 1768 five
395 1739 509 1776 Tralli,
529 1737 711 1778 lllyriorum
728 1748 842 1777 genus,
861 1747 914 1776 31,
929 1746 980 1777 35.
1006 1748 1061 1778 33,
1079 1748 1110 1778 4.
1137 1748 1189 1778 37,
1206 1748 1262 1779 40.

166 1778 301 1816 Trass-s,
317 1784 391 1810 urbs
407 1781 502 1817 Afiae,
519 1782 605 1810 dedit
621 1781 649 1810 se
667 1782 836 1818 Romanis,
854 1789 907 1820 37,
923 1788 978 1821 45.

166 1822 366 1862 Trrinlalpini
383 1824 482 1860 Galli,
495 1824 561 1854 vid.
577 1823 674 1853 Galli.

165 1865 354 1906 Transfugae
371 1866 538 1902 verberati,
555 1873 586 1896 et
603 1866 700 1896 securi
717 1865 865 1905 percuffi,
886 1876 937 1905 24,
958 1875 1008 1904 30.
1033 1867 1177 1897 nominis
1193 1867 1296 1898 Latini
1313 1868 1371 1908 qui

211 1916 313 1945 erant,
330 1906 429 1939 sec'uri
448 1909 594 1949 percuffi,
612 1909 752 1938 Romani
771 1909 802 1938 in
820 1918 950 1939 crucem
969 1909 1096 1946 sublati,
1115 1919 1166 1948 30,
1184 1920 1238 1949 43.

165 1951 353 1991 Transfuga
382 1962 503 1982 nomen
530 1951 722 1982 exiccrabile
749 1952 910 1983 veteribus
936 1953 1040 1990 sociis,
1057 1955 1150 1983 novis
1176 1953 1367 1993 iuspeEtum,

212 2001 270 2031 27,
288 2004 298 2024 1
308 2003 336 2032 7.

167 2037 426 2068 Trani'rhenanae
442 2044 566 2077 gentes,
586 2038 668 2077 Epit.
691 2047 761 2076 ¹39·

167 2079 374 2111 Trasimenus
391 2081 495 2117 lacus,
514 2090 567 2117 22,
583 2091 617 2120 4.
639 2081 678 2110 ad
696 2090 772 2110 cum
790 2079 959 2111 Annibalis
983 2082 1082 2111 castra
1096 2088 1129 2111 et
1145 2080 1279 2120 insidiae,
1297 2081 1367 2113 ibid.

214 2123 253 2152 ad
264 2123 491 2154 Trafimenum
506 2133 626 2162 pugna,
643 2125 672 2154 6.
690 2131 718 2153 ct
735 2133 764 2161 7.
782 2124 846 2154 vid.
863 2131 891 2153 e!
909 2134 961 2164 24,
982 2133 1031 2163 13.

171 2163 218 2194 M.
234 2165 414 2196 Trebellius
431 2166 646 2205 Fregellanus,
665 2175 720 2205 43,
741 2176 791 2204 23.

171 2207 214 2237 Q,
231 2208 421 2245 Trebellius,
439 2211 585 2240 centurio
602 2209 735 2249 legionis
753 2216 887 2248 quartae,
906 2210 960 2246 26,
976 2212 1030 2249 48.
1054 2219 1131 2240 eum
1148 2210 1230 2241 inter
1245 2216 1277 2241 et
1294 2211 1369 2243 Sex.

215 2250 374 2289 Digitium
389 2253 428 2281 de
448 2252 562 2282 murali
577 2262 696 2283 corona
711 2260 887 2289 certamen,
904 2253 976 2282 ibid.

168 2292 297 2330 Tra-bia,
316 2297 486 2332 oppidum,
506 2305 536 2329 2,
552 2306 606 2336 49.
629 2296 781 2325 Trebiam
799 2296 886 2335 capit
901 2295 1104 2336 Coriolanus,
1121 2295 1194 2328 ibid.

170 2336 349 2365 'Picumnus
367 2346 433 2370 azur
456 2338 488 2367 in
504 2338 697 2377 Campania,
714 2348 767 2377 23,
788 2348 838 2378 14.

171 2378 296 2409 Trebia.
312 2381 398 2409 fluvi·
416 2390 438 2412 τ..
454 2389 506 2416 2¹,
522 2381 573 2421 48.
598 2382 636 2410 ad
652 2391 728 2412 curn
746 2391 866 2420 pugna,
883 2381 1023 2423 54—56.

172 2421 321 2461 Trebius,
338 2422 454 2454 nobilis
470 2423 683 2464 Compsanus,
701 2433 756 2465 23,
776 2434 806 2456 1.
