1572 2616
266 179 351 224 274
610 180 775 211 INDEX
809 182 864 211 IN
896 182 943 210 T.
967 183 1100 213 LIVII

273 261 378 291 Urbes
393 259 519 297 dirutae,
535 269 576 290 ne
593 262 737 292 venirent
752 263 786 292 in
799 262 941 292 hostium
958 263 1159 300 potestatem,
1173 270 1227 300 31,
1243 263 1296 293 28.

274 304 379 333 Urbes
395 310 499 343 captae
514 303 605 343 diripi
621 304 734 341 solent,
751 315 817 335 non
834 305 960 341 deditae,
979 313 1032 343 37,
1050 315 1100 344 32.

273 346 378 376 Urbes
393 346 476 376 orbis
492 352 644 377 terrarum
661 348 814 377 maximae
829 348 935 377 Roma
947 354 977 377 et
991 348 1164 387 Carthago,
1183 347 1236 385 38,
1254 356 1306 386 50.

273 389 418 419 Urbibus
443 389 615 428 parcebant
641 397 760 421 veteres
787 391 995 428 Macedones,
1020 401 1084 430 quo
1111 391 1266 421 haberent
1293 388 1467 428 imperium

321 432 520 471 opulentius,
540 441 592 470 32,
611 442 662 470 33.

274 474 434 509 Urbicua,
451 475 609 514 oppidum
633 475 809 515 Hispaniae,
827 476 952 516 capitur
967 486 985 507 a
1002 477 1044 507 Θ.
1062 475 1175 506 Fulvio
1197 475 1328 514 Flacco,
1341 484 1398 516 40,
1417 475 1468 505 16.

276 516 479 553 Urinatores,
494 527 550 556 44,
572 527 620 548 10.
883 555 889 557 ,
1412 520 1419 525 “

279 559 400 596 Urites‚
418 559 518 590 ltaliae
534 559 684 600 populuS,
698 570 752 599 42,
769 562 824 601 48.

281 602 320 633 C.
338 603 504 639 Ursanius,
520 604 667 633 tribunus
684 604 797 642 plebis,
816 613 869 643 33,
887 615 939 636 22.

280 645 354 675 Urfi
367 652 398 675 et
413 645 576 684 elephanti
590 647 622 676 in
635 646 719 676 ludis
734 646 947 684 Circensibus,
963 657 1019 687 44,
1040 649 1089 678 18.

278 687 420 725 Uscana,
436 689 606 728 oppidum,
619 699 674 729 43,
691 699 740 721 12.
758 699 809 720 20.
826 700 878 722 21.
895 698 926 720 et
943 700 994 730 23.
1018 690 1058 721 ab
1080 689 1315 720 Uscanensibus
1337 688 1471 719 caeditur

324 732 386 770 Ap.
403 731 568 767 Claudius,
589 742 639 763 12.

280 773 386 804 Utens
400 774 531 811 fluvius,
551 782 583 813 5,
602 782 654 814 35.

281 816 417 847 Uticam
431 817 471 847 T.
487 817 644 847 Otacilius
659 826 735 847 cum
752 816 844 847 claffe
867 818 994 855 trajicit,
1013 826 1064 857 25,
1083 827 1135 856 31.
1159 817 1221 847 alia
1237 818 1269 847 in
1286 816 1471 847 Uticensem

327 869 441 898 agrum
458 860 629 896 exscensio,
649 869 702 896 27,
718 867 747 899 5.
772 861 854 890 circa
878 861 942 900 ipsa
967 861 1086 890 moenia
1103 861 1208 890 Uticae
1231 860 1352 898 praedas
1373 866 1473 898 agunt

327 902 482 939 Romani,
501 904 554 939 28,
570 912 601 941 4.
628 903 758 932 Uticam
785 904 884 933 mittit
905 903 1033 933 classem
1055 904 1174 941 Scipio,
1195 913 1248 942 29,
1265 904 1314 932 28.
1340 902 1473 931 Uticam

323 945 438 975 frustra
452 951 618 984 oppugnat
641 945 761 984 ScipiO,
780 953 833 984 35.
857 946 959 975 rursus
982 945 1114 982 obsidet,
1132 955 1185 984 30,
1204 955 1233 983 3.
1252 953 1280 984 5.
1297 952 1328 975 et
1344 946 1374 975 8.
1397 943 1476 974 clas-

327 987 394 1017 sem
409 988 568 1027 Scipionis
583 989 622 1017 ad
638 988 769 1018 Uticam
787 989 942 1018 invadunt
958 988 1246 1027 Carthaginienses,
1263 999 1293 1027 9.
1309 994 1340 1017 et
1360 997 1408 1018 10.

283 1030 415 1066 Utrarii,
432 1040 487 1070 44,
506 1040 558 1068 33.

282 1073 464 1111 Vulcanus,
484 1083 512 1110 1,
530 1082 582 1111 37.
607 1073 639 1110 8,
659 1075 707 1104 18.
731 1074 760 1103 ei
783 1074 902 1104 sacrata
923 1083 1012 1104 arma
1026 1080 1057 1103 et
1073 1073 1171 1113 spolia
1185 1073 1325 1103 hostiurn
1343 1072 1475 1102 succen-

326 1116 461 1154 duntur,
481 1125 510 1153 1,
530 1125 581 1154 37.
606 1125 660 1154 30,
684 1118 715 1147 6.
738 1126 793 1156 41,
815 1118 863 1147 16.
887 1118 920 1146 in
943 1117 1129 1148 leffisternio
1154 1116 1302 1156 pulvinar
1326 1114 1475 1146 Vulcano

327 1166 359 1188 et
373 1159 486 1195 Vestae,
505 1169 558 1194 22,
576 1169 626 1189 10.

283 1201 420 1232 Vulcani
437 1209 535 1240 caput
551 1201 649 1237 ardet,
665 1201 731 1232 vid.
746 1201 943 1241 Prodigium.

283 1260 327 1266 —
342 1253 426 1280 area,
442 1255 473 1283 9,
489 1244 542 1282 46.
567 1253 621 1282 39,
635 1245 689 1282 46.
712 1253 767 1282 40,
786 1253 835 1284 19.

283 1302 328 1309 —
343 1286 426 1316 aedes
442 1286 476 1316 in
492 1286 630 1325 Camp0,
649 1295 702 1325 24,
722 1296 771 1316 10.

282 1345 327 1352 —
343 1328 466 1365 insulae,
485 1339 536 1365 21,
549 1339 603 1368 49.
620 1335 651 1358 et
668 1339 720 1368 51·

285 1370 511 1408 Vulsinienses,
527 1371 593 1401 vid.
611 1371 830 1402 Volsinienses.

284 1414 436 1444 Vultures
453 1414 519 1450 sex,
538 1415 708 1452 augurium
726 1415 841 1452 Remo,
856 1414 1028 1445 duodecim
1042 1413 1196 1450 Romulo,
1218 1424 1247 1450 1,
1263 1414 1293 1443 6.

283 1456 422 1487 Vulturii
440 1462 471 1486 et
491 1466 586 1486 canes
611 1456 729 1486 intaeta
752 1457 937 1497 relinquunt
963 1458 1117 1488 cadavera
1140 1457 1361 1488 absumtorum
1384 1458 1474 1496 pesti-

329 1499 428 1529 lentia
442 1499 618 1529 hominum
635 1500 813 1538 boumque,
830 1510 884 1540 41,
903 1500 953 1531 26.

290 1541 479 1578 Vulturnus,
497 1542 571 1572 urbs
595 1542 812 1580 Etruscorum,
828 1543 951 1581 capitur
965 1552 984 1572 a
1001 1542 1198 1573 Samnitibus
1217 1541 1303 1578 dolo,
1319 1549 1350 1572 et
1365 1542 1475 1582 Capua

331 1584 521 1624 appellatur,
537 1594 566 1622 4,
586 1592 636 1622 37.

287 1627 478 1664 Vulturnus,
490 1627 620 1664 fluvius,
636 1629 668 1663 8,
688 1636 736 1657 11.
764 1636 814 1663 10,
833 1636 882 1658 20.
899 1634 931 1656 et
948 1636 999 1665 31.
1024 1637 1077 1665 22,
1095 1637 1143 1665 14.
1160 1633 1190 1656 et
1210 1633 1262 1665 15.
1284 1636 1337 1664 23,
1355 1636 1403 1665 ¹4·
1425 1636 1474 1665 19.

329 1675 361 1699 et
380 1670 429 1706 36.
456 1679 508 1706 32,
526 1680 577 1708 29.

284 1713 328 1742 ·ad
347 1710 498 1741 Vulturni
522 1713 638 1741 ostium
656 1711 822 1741 castellum
847 1713 1104 1748 communitum,
1121 1712 1176 1741 ubi
1193 1712 1297 1750 postea
1311 1711 1386 1742 urbs
1400 1712 1475 1748 fuit,

331 1760 385 1794 25,
405 1763 457 1786 20.
481 1761 509 1783 et
534 1765 585 1785 22.
609 1754 808 1784 Vulturnum
835 1754 962 1784 colonia
986 1754 1130 1787 ‹ledufta,
1151 1764 1203 1793 34,
1225 1761 1280 1793 45.
1303 1753 1369 1784 vid.
1385 1754 1475 1784 etiam

335 1799 387 1834 36,
407 1805 458 1834 37·

287 1840 466 1870 Vulturnus
486 1845 613 1875 ventus,
632 1850 684 1876 22,
701 1849 753 1879 43.
777 1838 990 1879 prospeStum,
1008 1839 1040 1868 in
1064 1839 1175 1878 proelio
1199 1848 1276 1869 cum
1300 1839 1475 1876 Annibale,

332 1881 437 1912 multo
452 1881 580 1921 pulvere
596 1883 629 1911 in
645 1891 699 1911 ora
714 1883 884 1919 volvendo,
899 1882 1013 1911 adimit
1028 1882 1194 1918 Romanis,
1212 1883 1264 1920 46.

289 1926 407 1955 Uxoris
423 1932 580 1963 corruptae
597 1926 640 1954 ira
656 1927 809 1955 maritum
826 1925 979 1962 stimulat,
998 1932 1032 1954 ut
1054 1925 1247 1963 alienigenas
1263 1924 1296 1953 in
1311 1925 1474 1964 regionem

334 1968 478 2001 inducat,
494 1968 539 1996 sui
557 1966 727 1997 ulciscendi
745 1968 861 2002 caussa,
880 1976 910 2006 5,
929 1977 980 2005 33.

290 2010 416 2040 Uxores
431 2010 498 2039 suas
515 2009 689 2049 liberosque
705 2011 834 2040 caedunt
851 2011 920 2047 viri,
938 2019 978 2040 ne
994 2010 1124 2040 veniant
1140 2010 1173 2039 in
1190 2019 1307 2040 manus
1321 2009 1474 2047 hostium,

335 2054 389 2090 28,
408 2062 459 2091 23.

861 2165 903 2195 X.

292 2247 591 2295 XANTHIPPUS
616 2264 898 2295 Lacedaemonius:
930 2264 957 2294 ei
986 2264 1112 2295 infidias
1138 2274 1195 2304 pro
1224 2264 1382 2296 beneficio
1408 2266 1476 2296 red-

337 2308 418 2337 dunt
433 2307 535 2343 Poeni,
554 2308 605 2342 28,
621 2317 675 2346 43.

291 2350 495 2422 Xelnarschus,
511 2356 625 2423 praetogr
635 2351 843 2389 Achaeorum,
858 2350 970 2390 quaerit
985 2350 1114 2390 privatae
1125 2351 1233 2392 gratiae
1244 2351 1368 2383 aditum
1391 2351 1477 2391 apud

360 2402 392 2422 Cl'
406 2402 494 2431 euru,
510 2402 564 2432 41,
582 2403 598 2424 2
616 2402 633 2422 '-
