1572 2616
452 134 830 164 HISTORIARUM
855 135 1061 164 LIBROS·
1264 132 1350 181 245

236 215 378 247 defecere
393 215 432 246 ad
449 215 565 246 Poenos
579 214 665 245 bello
679 214 888 253 Annibalico,
907 225 960 253 22,
977 215 1032 246 61.

236 259 404 290 Tarentini
419 259 515 298 legati
531 257 744 297 Annibalem,
762 269 817 300 24,
837 269 886 298 13.

236 311 350 333 eorum
365 302 486 332 obsides
503 302 589 342 apud
602 302 778 338 Romanos,
789 311 894 342 quum
909 300 1057 341 fugissent
1073 300 1114 331 ab
1125 300 1216 339 urbe,
1227 298 1351 334 retrafti

193 345 233 375 de
249 345 325 375 saxo
340 345 544 384 dejiciuntur,
561 352 614 386 25,
629 353 658 382 7.
681 346 933 376 Tarentinorum
946 344 1094 382 defectio,
1111 346 1142 375 8.
1159 343 1283 388 etfiqq.

236 397 350 419 eorum
365 388 466 419 claffis
484 389 578 419 caedit
595 395 625 418 et
642 389 757 427 mergit
772 388 902 420 classem
917 388 1160 427 Romanorum,
1179 390 1233 427 26,
1251 398 1304 430 39.

199 430 367 462 Tarentini
381 432 550 463 caeduntur
562 441 580 461 a
596 432 634 463 C.
649 431 764 469 Persio,
778 432 851 463 ibid.

237 484 352 515 pacem
368 481 483 515 petunt
502 484 521 505 a
543 475 699 506 Romanis
726 485 804 507 curn
831 475 976 507 libertate
992 483 1028 506 ac
1052 474 1177 515 legibus
1199 474 1275 513 suis,
1293 481 1350 513 27,

194 528 247 549 21.
262 518 329 549 vid.
342 526 371 548 et
388 526 440 558 25.

152 561 318 592 Tarentini
335 564 468 601 equites,
487 568 540 601 35,
559 562 610 592 28.
634 568 666 592 et
682 571 734 601 29.

150 604 345 635 Tarentinus
360 615 447 644 ager,
465 613 518 643 27,
534 615 588 647 40.

147 647 341 678 Tarentinus
359 655 479 687 portus,
494 657 549 687 23,
567 657 619 687 33.

150 691 206 731 Sp.
222 691 378 731 Tarpeius
395 693 504 732 praeest
528 692 592 721 arci
614 691 787 728 Romanae,
807 700 838 729 r,
858 700 908 722 11.
930 689 999 729 ejus
1014 689 1094 728 filia,
1110 699 1130 720 a
1148 690 1351 730 'ritoATatiQ

193 733 387 765 Sabinorum
410 745 494 775 rege,
511 744 589 765 auro
614 740 773 775 corrupta,
795 735 913 775 accipit
935 740 1075 765 armatos
1098 733 1235 766 Sabinos
1252 735 1286 765 in
1301 744 1352 765 ar·

194 786 281 814 cem,
297 777 370 808 ibid.

149 820 206 860 Sp.
221 820 370 860 Tarpeio,
388 820 524 859 consuli,
540 827 577 851 ut
593 821 777 860 magistratu
800 820 891 858 abiit,
909 820 975 852 dies
990 819 1086 858 dieta,
1106 829 1134 859 3,
1150 830 1202 860 3¹·
1227 819 1352 860 legatus

194 864 334 894 mittitur
357 865 396 894 ad
419 866 610 902 exercitum,
625 865 829 895 Aventinum
852 863 1057 904 insidentem,
1075 872 1127 905 50.
1150 869 1275 895 creatur
1298 863 1353 896 tri-

193 906 302 937 bunus
319 907 433 946 plebis,
451 908 504 947 65.

148 949 285 989 Tarpeia
301 960 406 990 rupes,
426 958 456 988 7,
478 959 528 982 10.

149 993 305 1032 Tarpeius
322 1003 430 1030 mons,
452 1003 481 1031 1,
497 1001 548 1034 55.

146 1035 323 1075 Tarpeium
341 1037 466 1073 saxum,
484 1037 551 1067 vid.
574 1037 712 1067 Saxum.

148 1079 333 1118 Tarquinii,
350 1081 426 1110 urbs
440 1080 586 1116 Etruriae,
608 1089 638 1117 1,
653 1089 704 1119 34.
730 1079 785 1115 26,
803 1088 834 1118 3.
858 1085 912 1116 27,
928 1087 960 1118 4.

149 1122 396 1161 Tarquinienses
419 1123 458 1152 ad
481 1123 698 1162 Tarquinium
715 1122 899 1161 Superbum
917 1123 950 1151 in
967 1121 1054 1161 regni
1071 1120 1292 1161 poffeffionem
1305 1130 1354 1152 re-

194 1166 392 1196 stituendum
411 1175 501 1195 arma
525 1166 672 1205 capiunt,
689 1176 721 1202 2,
745 1167 776 1196 6.
799 1174 909 1205 pugna
932 1165 1015 1195 inter
1038 1174 1092 1195 eos
1116 1171 1147 1195 et
1170 1165 1351 1204 Romanos,

193 1207 263 1237 ibid.
282 1209 419 1239 domurn
434 1210 566 1244 abeunt,
583 1216 611 1245 7.

148 1251 395 1290 Tarquinienses
410 1252 535 1282 bellurn
553 1253 694 1281 inferunt
707 1251 878 1288 Romanis,
903 1258 935 1291 5,
955 1251 1005 1282 16.
1026 1250 1223 1290 populantur
1237 1260 1353 1290 agrum

195 1294 397 1331 Romanum,
411 1295 482 1324 ibid.
496 1295 686 1331 vincuntur,
703 1294 775 1324 ibid.
803 1294 998 1333 populantur
1013 1303 1126 1332 agrurn
1145 1294 1365 1332 Romanum,⁵

196 1344 228 1374 7,
249 1347 296 1368 12.
321 1339 452 1368 caedunt
475 1338 652 1374 Romanos,
670 1344 701 1367 et
724 1344 883 1367 trecentos
907 1338 1026 1376 septem
1052 1338 1169 1366 milites
1186 1337 1363 1367 Romarm·

192 1389 266 1410 rum
282 1388 392 1420 captos
409 1380 596 1416 immolant,
618 1388 667 1420 15.
691 1380 865 1411 sacerdotes
881 1390 1007 1416 eorum,
1023 1381 1183 1418 anguibus
1199 1380 1353 1419 praelatis,

192 1423 296 1453 furiali
321 1423 441 1454 incess'u
466 1423 631 1453 Romanos
654 1430 784 1461 terrent,
804 1431 836 1459 7,
857 1431 905 1460 17.
930 1424 1118 1459 vincuntur,
1136 1423 1208 1452 ibid.
1234 1424 1267 1452 in
1282 1422 1363 1461 eos,¹

193 1467 279 1505 quod
297 1467 415 1496 milites
430 1466 596 1496 Romanos
610 1466 841 1503 immolassent,
857 1466 1018 1503 saevitum,
1036 1476 1085 1504 19.
1109 1466 1255 1496 inducias
1271 1468 1363 1506 qua-'

191 1509 337 1548 draginta
353 1519 516 1540 annorum
539 1510 727 1550 impetrant,
746 1519 797 1541 22.
822 1509 1014 1550 pollicentur
1039 1510 1182 1550 Scipioni
1199 1509 1299 1540 lintea
1314 1510 1349 1540 in

191 1552 276 1588 vela,
296 1554 349 1589 28,
363 1559 417 1593 45.

147 1595 387 1635 Tarquiniensis
403 1605 489 1635 ager,
507 1596 539 1633 6,
553 1606 585 1635 4.

148 1639 184 1669 L.
200 1639 367 1678 Tarquinii
385 1639 476 1670 Prisci
499 1649 599 1678 genus
623 1645 653 1669 et
671 1648 806 1676 nomen,
826 1648 856 1676 1,
874 1647 926 1678 34.
950 1639 1112 1669 institutus
1134 1644 1221 1669 tutor
1239 1638 1350 1669 liberis

191 1682 284 1720 regis,
310 1682 381 1713 ibid.
406 1683 508 1712 ambit
531 1691 680 1721 regnum,
700 1690 749 1721 35.
767 1682 905 1721 eligitur,
931 1682 1004 1711 ibid.
1027 1688 1161 1712 centum
1186 1682 1219 1711 in
1243 1682 1349 1712 Patres

191 1724 281 1763 legit,
299 1725 371 1755 ibid.
388 1725 512 1756 bellurn
536 1726 614 1765 gerit
637 1735 715 1755 curn
734 1726 865 1762 Latinis,
884 1725 956 1755 ibid.
982 1726 1076 1756 Circo
1099 1725 1246 1755 maximo
1268 1724 1350 1755 defi-

193 1775 271 1806 gnat
287 1768 410 1804 locum,
422 1769 493 1798 ibid.
511 1777 606 1799 muro
618 1767 743 1807 lapideo
761 1768 874 1798 urbem
889 1768 1091 1798 circumdare
1107 1774 1207 1808 parat,
1226 1770 1277 1806 36.
1293 1768 1352 1798 Sa·

192 1810 278 1840 binis
293 1811 385 1841 infert
401 1809 538 1848 bellum,
555 1811 670 1849 eosque
692 1811 810 1847 fundit,
831 1811 902 1842 ibid.
920 1818 948 1840 et
966 1818 1018 1849 37.
1034 1811 1157 1841 bellum
1174 1813 1250 1842 facit
1264 1812 1351 1841 Lati-

193 1853 255 1890 niS‚
276 1854 327 1892 38.
352 1854 455 1884 multa
469 1863 582 1884 eorum
604 1854 722 1894 oppida
739 1855 837 1894 capit,
855 1854 926 1885 ibid.
949 1856 1019 1892 ejus
1041 1864 1149 1894 opera,
1167 1854 1238 1888 ibid.
1262 1855 1350 1886 occi.

192 1896 290 1932 ditur,
308 1906 362 1935 40.

150 1939 186 1970 L.
198 1939 394 1978 Tarquinius
411 1949 545 1978 regnum
563 1939 710 1976 adstant,
733 1949 760 1978 r,
776 1940 831 1979 46.
853 1940 1020 1979 Tarquinii
1037 1939 1128 1971 Prisci
1147 1940 1252 1971 filiurn
1273 1939 1347 1980 plu-

192 1992 239 2012 res
256 1983 379 2012 edidere
395 1982 550 2019 auftores,
568 1982 640 2013 ibid.
659 1983 808 2013 inssinfi'tu
825 1982 973 2023 conjugis
988 1993 1124 2021 regnum
1142 1984 1275 2021 invadit,
1293 1991 1349 2023 47.

193 2035 290 2063 quare
307 2026 439 2065 Superbi
464 2035 586 2055 nomen
609 2025 654 2055 illi
678 2027 831 2062 inditum,
846 2035 898 2066 49.
923 2027 1052 2057 Parrum
1072 2028 1226 2066 primores
1250 2027 1347 2057 inter-

193 2067 274 2104 ficit,
293 2068 364 2098 ibid.
388 2069 592 2108 circumsepit
607 2078 722 2108 corpus
736 2071 879 2105 armatis,
897 2069 968 2100 ibid.
987 2071 1109 2110 primus
1126 2080 1250 2100 morem
1268 2079 1349 2100 con-

193 2111 312 2141 sulendi
331 2112 475 2141 senatum
491 2112 593 2148 solvit,
611 2112 682 2143 ibid.
700 2113 829 2142 Latinos
851 2112 906 2142 fibi
932 2113 1097 2151 conciliat,
1115 2113 1186 2142 ibid.
1209 2113 1346 2143 Oc'tavio

193 2154 344 2183 Mamilio
358 2155 543 2184 Tusculano
560 2155 658 2185 filiam
686 2163 826 2196 nuptum
843 2157 909 2193 dat,
927 2157 998 2186 ibid.
1024 2157 1055 2185 in
1078 2166 1153 2186 eum
1183 2157 1347 2186 invehitur

189 2197 320 2226 Turnus
339 2197 532 2234 Herdonius,
550 2208 601 2237 50.
625 2200 777 2239 opprimit
795 2200 1010 2236 Herdonium,
1028 2207 1079 2239 51.
1103 2199 1171 2236 ejus
1196 2200 1235 2228 ad
1257 2200 1347 2229 Lati—

193 2248 252 2268 nos
274 2240 386 2275 oratio,
409 2249 486 2270 cum
510 2241 626 2280 quibus
649 2243 751 2272 foedus
774 2249 917 2278 renovat,
936 2250 986 2282 52.
1013 2242 1133 2272 Volscis
1156 2242 1279 2272 bellurn
1297 2243 1346 2272 in-

194 2283 265 2318 fert,
281 2291 457 2321 eorumque
480 2284 593 2314 urbem
617 2285 760 2315 Suessam
784 2286 962 2315 Pometiam
980 2286 1008 2315 vi
1033 2287 1131 2323 capit,
1146 2293 1195 2325 53.
1223 2285 1345 2316 Gabios

194 2325 304 2354 fraude
321 2326 420 2365 capit,
433 2325 504 2355 ibid.
522 2333 550 2356 et
565 2334 615 2367 54.
645 2338 758 2367 pacem
782 2329 857 2358 facit
881 2338 957 2358 cum
975 2328 1103 2367 1E‹1uis‚
1118 2336 1148 2358 et
1173 2338 1250 2359 cum
1263 2328 1345 2359 Tus-

193 2369 238 2399 cis
256 2368 357 2398 soedus
374 2375 516 2406 renovat,
535 2377 586 2409 55.
609 2371 746 2401 aedificat
759 2371 846 2402 Jovis
870 2371 1043 2411 Capitolini
1060 2372 1176 2410 aedem,
1192 2371 1265 2404 ibid.
1281 2371 1345 2403 alia

712 2414 747 2444 M
766 2423 782 2454 3
