<?xml version="1.0" encoding="UTF-8"?>
<!DOCTYPE html PUBLIC "-//W3C//DTD XHTML 1.0 Transitional//EN"
    "http://www.w3.org/TR/xhtml1/DTD/xhtml1-transitional.dtd">
<html xmlns="http://www.w3.org/1999/xhtml" xml:lang="en" lang="en">
 <head>
  <title>
</title>
<meta http-equiv="Content-Type" content="text/html;charset=utf-8" />
  <meta name='ocr-system' content='tesseract 3.04.00' />
  <meta name='ocr-capabilities' content='ocr_page ocr_carea ocr_par ocr_line ocrx_word'/>
</head>
<body>
  <div class='ocr_page' id='page_1' title='image "./historiarumquaes05livyuoft_0163.png"; bbox 0 0 1572 2616; ppageno 0'>
   <div class='ocr_carea' id='block_1_1' title="bbox 400 175 1307 222">
    <p class='ocr_par' dir='ltr' id='par_1_1' title="bbox 400 175 1307 222">
     <span class='ocr_line' id='line_1_1' title="bbox 400 175 1307 222; baseline 0.002 -16"><span class='ocrx_word' id='word_1_1' title='bbox 400 175 780 206; x_wconf 61' lang='lat' dir='ltr'>HISTORIARUM</span> <span class='ocrx_word' id='word_1_2' title='bbox 817 176 1020 206; x_wconf 78' lang='lat' dir='ltr'><strong>LIBROS·</strong></span> <span class='ocrx_word' id='word_1_3' title='bbox 1228 178 1307 222; x_wconf 75' lang='lat'>143</span> 
     </span>
    </p>
   </div>
   <div class='ocr_carea' id='block_1_2' title="bbox 113 257 1319 1993">
    <p class='ocr_par' dir='ltr' id='par_1_2' title="bbox 113 257 1319 1993">
     <span class='ocr_line' id='line_1_2' title="bbox 150 257 1312 298; baseline 0.002 -9"><span class='ocrx_word' id='word_1_4' title='bbox 150 263 251 294; x_wconf 76' lang='lat' dir='ltr'>tenet,</span> <span class='ocrx_word' id='word_1_5' title='bbox 268 267 322 294; x_wconf 88' lang='lat'>22,</span> <span class='ocrx_word' id='word_1_6' title='bbox 335 258 390 298; x_wconf 84' lang='lat'>46.</span> <span class='ocrx_word' id='word_1_7' title='bbox 407 267 452 288; x_wconf 80' lang='lat' dir='ltr'>res</span> <span class='ocrx_word' id='word_1_8' title='bbox 475 267 495 288; x_wconf 88' lang='lat' dir='ltr'>a</span> <span class='ocrx_word' id='word_1_9' title='bbox 516 257 609 288; x_wconf 86' lang='lat' dir='ltr'>fratre</span> <span class='ocrx_word' id='word_1_10' title='bbox 622 257 786 288; x_wconf 76' lang='lat' dir='ltr'><strong>Annibale</strong></span> <span class='ocrx_word' id='word_1_11' title='bbox 801 258 901 297; x_wconf 82' lang='lat' dir='ltr'>gestas</span> <span class='ocrx_word' id='word_1_12' title='bbox 921 257 1238 297; x_wconf 77' lang='lat' dir='ltr'>Carthaginiensibus</span> <span class='ocrx_word' id='word_1_13' title='bbox 1253 268 1312 291; x_wconf 86' lang='lat' dir='ltr'>ex-</span> 
     </span>
     <span class='ocr_line' id='line_1_3' title="bbox 152 301 1312 342; baseline 0.002 -11"><span class='ocrx_word' id='word_1_14' title='bbox 152 304 253 342; x_wconf 83' lang='lat' dir='ltr'>ponit,</span> <span class='ocrx_word' id='word_1_15' title='bbox 273 311 325 340; x_wconf 83' lang='lat'>23,</span> <span class='ocrx_word' id='word_1_16' title='bbox 347 311 394 331; x_wconf 88' lang='lat'>11.</span> <span class='ocrx_word' id='word_1_17' title='bbox 411 309 441 331; x_wconf 89' lang='lat' dir='ltr'>et</span> <span class='ocrx_word' id='word_1_18' title='bbox 464 311 511 332; x_wconf 77' lang='lat'>12.</span> <span class='ocrx_word' id='word_1_19' title='bbox 526 301 665 331; x_wconf 90' lang='lat' dir='ltr'>annulos</span> <span class='ocrx_word' id='word_1_20' title='bbox 687 311 813 337; x_wconf 86' lang='lat' dir='ltr'>aureos,</span> <span class='ocrx_word' id='word_1_21' title='bbox 831 311 848 331; x_wconf 91' lang='lat' dir='ltr'>e</span> <span class='ocrx_word' id='word_1_22' title='bbox 864 302 970 341; x_wconf 80' lang='lat' dir='ltr'>digitis</span> <span class='ocrx_word' id='word_1_23' title='bbox 994 302 1175 332; x_wconf 86' lang='lat' dir='ltr'>occisorum</span> <span class='ocrx_word' id='word_1_24' title='bbox 1190 302 1312 333; x_wconf 89' lang='lat' dir='ltr'>Roma-</span> 
     </span>
     <span class='ocr_line' id='line_1_4' title="bbox 150 344 1312 383; baseline 0.003 -9"><span class='ocrx_word' id='word_1_25' title='bbox 150 355 269 375; x_wconf 85' lang='lat' dir='ltr'>norum</span> <span class='ocrx_word' id='word_1_26' title='bbox 285 345 454 381; x_wconf 64' lang='lat' dir='ltr'>detractos,</span> <span class='ocrx_word' id='word_1_27' title='bbox 473 347 504 374; x_wconf 90' lang='lat' dir='ltr'>iri</span> <span class='ocrx_word' id='word_1_28' title='bbox 528 346 626 375; x_wconf 80' lang='lat' dir='ltr'>curiae</span> <span class='ocrx_word' id='word_1_29' title='bbox 639 344 795 374; x_wconf 83' lang='lat' dir='ltr'>vestibulo</span> <span class='ocrx_word' id='word_1_30' title='bbox 817 345 937 374; x_wconf 84' lang='lat' dir='ltr'>effundi</span> <span class='ocrx_word' id='word_1_31' title='bbox 960 345 1064 383; x_wconf 85' lang='lat' dir='ltr'>jubet,</span> <span class='ocrx_word' id='word_1_32' title='bbox 1088 344 1159 374; x_wconf 78' lang='lat' dir='ltr'>ibid.</span> <span class='ocrx_word' id='word_1_33' title='bbox 1179 356 1255 376; x_wconf 87' lang='lat' dir='ltr'>cum</span> <span class='ocrx_word' id='word_1_34' title='bbox 1272 356 1312 377; x_wconf 89' lang='lat' dir='ltr'>eo</span> 
     </span>
     <span class='ocr_line' id='line_1_5' title="bbox 153 388 1313 428; baseline 0.003 -10"><span class='ocrx_word' id='word_1_35' title='bbox 153 388 326 418; x_wconf 73' lang='lat' dir='ltr'>Hannonis</span> <span class='ocrx_word' id='word_1_36' title='bbox 348 389 546 427; x_wconf 76' lang='lat' dir='ltr'>disceptatio,</span> <span class='ocrx_word' id='word_1_37' title='bbox 577 397 624 426; x_wconf 87' lang='lat'>13.</span> <span class='ocrx_word' id='word_1_38' title='bbox 650 389 789 418; x_wconf 76' lang='lat' dir='ltr'>mittitur</span> <span class='ocrx_word' id='word_1_39' title='bbox 812 389 844 418; x_wconf 89' lang='lat' dir='ltr'>iri</span> <span class='ocrx_word' id='word_1_40' title='bbox 871 388 1074 428; x_wconf 78' lang='lat' dir='ltr'>Hispaniam,</span> <span class='ocrx_word' id='word_1_41' title='bbox 1100 398 1153 428; x_wconf 90' lang='lat'>32.</span> <span class='ocrx_word' id='word_1_42' title='bbox 1170 390 1313 421; x_wconf 83' lang='lat' dir='ltr'>vincitur</span> 
     </span>
     <span class='ocr_line' id='line_1_6' title="bbox 151 432 658 471; baseline 0 -9"><span class='ocrx_word' id='word_1_43' title='bbox 151 432 192 462; x_wconf 89' lang='lat' dir='ltr'>ad</span> <span class='ocrx_word' id='word_1_44' title='bbox 209 432 367 471; x_wconf 86' lang='lat' dir='ltr'>llliturgin</span> <span class='ocrx_word' id='word_1_45' title='bbox 384 441 401 461; x_wconf 91' lang='lat' dir='ltr'>a</span> <span class='ocrx_word' id='word_1_46' title='bbox 420 433 588 467; x_wconf 69' lang='lat' dir='ltr'>Romanis,</span> <span class='ocrx_word' id='word_1_47' title='bbox 604 441 658 471; x_wconf 86' lang='lat'>49.</span> 
     </span>
     <span class='ocr_line' id='line_1_7' title="bbox 195 474 1311 516; baseline 0.002 -12"><span class='ocrx_word' id='word_1_48' title='bbox 195 477 336 505; x_wconf 84' lang='lat' dir='ltr'>mittitur</span> <span class='ocrx_word' id='word_1_49' title='bbox 349 476 389 504; x_wconf 91' lang='lat' dir='ltr'>ab</span> <span class='ocrx_word' id='word_1_50' title='bbox 401 475 576 505; x_wconf 77' lang='lat' dir='ltr'>Asdrubale</span> <span class='ocrx_word' id='word_1_51' title='bbox 586 475 678 504; x_wconf 78' lang='lat' dir='ltr'>fratre</span> <span class='ocrx_word' id='word_1_52' title='bbox 691 475 730 504; x_wconf 89' lang='lat' dir='ltr'>ad</span> <span class='ocrx_word' id='word_1_53' title='bbox 741 474 1010 513; x_wconf 68' lang='lat' dir='ltr'>conquisitionem</span> <span class='ocrx_word' id='word_1_54' title='bbox 1023 474 1181 512; x_wconf 84' lang='lat' dir='ltr'>militum,</span> <span class='ocrx_word' id='word_1_55' title='bbox 1191 485 1243 515; x_wconf 88' lang='lat'>24,</span> <span class='ocrx_word' id='word_1_56' title='bbox 1254 486 1311 516; x_wconf 88' lang='lat'>42.</span> 
     </span>
     <span class='ocr_line' id='line_1_8' title="bbox 195 518 1310 560; baseline 0.002 -12"><span class='ocrx_word' id='word_1_57' title='bbox 195 519 376 555; x_wconf 88' lang='lat' dir='ltr'>Asdrubali,</span> <span class='ocrx_word' id='word_1_58' title='bbox 394 519 540 557; x_wconf 78' lang='lat' dir='ltr'>Gisgonis</span> <span class='ocrx_word' id='word_1_59' title='bbox 559 519 638 553; x_wconf 84' lang='lat' dir='ltr'>filio,</span> <span class='ocrx_word' id='word_1_60' title='bbox 651 518 857 556; x_wconf 59' lang='lat' dir='ltr'>conjunctus,</span> <span class='ocrx_word' id='word_1_61' title='bbox 875 519 974 548; x_wconf 90' lang='lat' dir='ltr'>vincit</span> <span class='ocrx_word' id='word_1_62' title='bbox 991 519 1023 549; x_wconf 81' lang='lat' dir='ltr'>P.</span> <span class='ocrx_word' id='word_1_63' title='bbox 1039 519 1239 558; x_wconf 85' lang='lat' dir='ltr'>Scipionem,</span> <span class='ocrx_word' id='word_1_64' title='bbox 1254 527 1310 560; x_wconf 82' lang='lat'>25,</span> 
     </span>
     <span class='ocr_line' id='line_1_9' title="bbox 155 562 1313 602; baseline 0.003 -11"><span class='ocrx_word' id='word_1_65' title='bbox 155 570 206 600; x_wconf 84' lang='lat'>32.</span> <span class='ocrx_word' id='word_1_66' title='bbox 229 568 260 591; x_wconf 90' lang='lat' dir='ltr'>et</span> <span class='ocrx_word' id='word_1_67' title='bbox 283 571 336 602; x_wconf 89' lang='lat'>34.</span> <span class='ocrx_word' id='word_1_68' title='bbox 358 562 525 592; x_wconf 76' lang='lat' dir='ltr'>Asdrubali</span> <span class='ocrx_word' id='word_1_69' title='bbox 549 563 633 592; x_wconf 84' lang='lat' dir='ltr'>fratri</span> <span class='ocrx_word' id='word_1_70' title='bbox 659 562 827 601; x_wconf 77' lang='lat' dir='ltr'>sejungit,</span> <span class='ocrx_word' id='word_1_71' title='bbox 853 569 904 602; x_wconf 85' lang='lat'>35.</span> <span class='ocrx_word' id='word_1_72' title='bbox 928 562 996 600; x_wconf 77' lang='lat' dir='ltr'>ejus</span> <span class='ocrx_word' id='word_1_73' title='bbox 1020 563 1120 592; x_wconf 80' lang='lat' dir='ltr'>castra</span> <span class='ocrx_word' id='word_1_74' title='bbox 1143 572 1161 592; x_wconf 90' lang='lat' dir='ltr'>a</span> <span class='ocrx_word' id='word_1_75' title='bbox 1186 563 1313 594; x_wconf 89' lang='lat' dir='ltr'>Marcio</span> 
     </span>
     <span class='ocr_line' id='line_1_10' title="bbox 125 612 327 644; baseline 0.01 -10"><span class='ocrx_word' id='word_1_76' title='bbox 125 625 128 627; x_wconf 96' lang='lat'>-</span> <span class='ocrx_word' id='word_1_77' title='bbox 152 612 258 644; x_wconf 82' lang='lat' dir='ltr'>capta,</span> <span class='ocrx_word' id='word_1_78' title='bbox 276 614 291 643; x_wconf 83' lang='lat'>3</span> <span class='ocrx_word' id='word_1_79' title='bbox 320 628 327 636; x_wconf 92' lang='lat'>.</span> 
     </span>
     <span class='ocr_line' id='line_1_11' title="bbox 194 617 1312 688; baseline 0.003 -11"><span class='ocrx_word' id='word_1_80' title='bbox 194 649 282 678; x_wconf 87' lang='lat' dir='ltr'>venit</span> <span class='ocrx_word' id='word_1_81' title='bbox 297 617 338 678; x_wconf 65' lang='lat' dir='ltr'>{x</span> <span class='ocrx_word' id='word_1_82' title='bbox 363 649 510 679; x_wconf 86' lang='lat' dir='ltr'>ulteriore</span> <span class='ocrx_word' id='word_1_83' title='bbox 529 649 683 681; x_wconf 70' lang='lat' dir='ltr'>Hisoania</span> <span class='ocrx_word' id='word_1_84' title='bbox 706 658 783 678; x_wconf 88' lang='lat' dir='ltr'>curn</span> <span class='ocrx_word' id='word_1_85' title='bbox 802 648 991 686; x_wconf 78' lang='lat' dir='ltr'>Asdrubale,</span> <span class='ocrx_word' id='word_1_86' title='bbox 1009 649 1157 688; x_wconf 86' lang='lat' dir='ltr'>Gisgonis</span> <span class='ocrx_word' id='word_1_87' title='bbox 1173 648 1254 687; x_wconf 90' lang='lat' dir='ltr'>filio,</span> <span class='ocrx_word' id='word_1_88' title='bbox 1271 650 1312 681; x_wconf 88' lang='lat' dir='ltr'>ad</span> 
     </span>
     <span class='ocr_line' id='line_1_12' title="bbox 151 691 1314 732; baseline 0.001 -10"><span class='ocrx_word' id='word_1_89' title='bbox 151 691 363 722; x_wconf 84' lang='lat' dir='ltr'>Asdrubalem</span> <span class='ocrx_word' id='word_1_90' title='bbox 380 694 520 728; x_wconf 84' lang='lat' dir='ltr'>fratrem,</span> <span class='ocrx_word' id='word_1_91' title='bbox 540 701 593 730; x_wconf 89' lang='grc'>27,</span> <span class='ocrx_word' id='word_1_92' title='bbox 613 701 663 723; x_wconf 88' lang='lat'>20.</span> <span class='ocrx_word' id='word_1_93' title='bbox 688 694 720 722; x_wconf 93' lang='lat' dir='ltr'>in</span> <span class='ocrx_word' id='word_1_94' title='bbox 745 693 855 732; x_wconf 88' lang='lat' dir='ltr'>fugam</span> <span class='ocrx_word' id='word_1_95' title='bbox 870 693 1012 728; x_wconf 89' lang='lat' dir='ltr'>vertitur,</span> <span class='ocrx_word' id='word_1_96' title='bbox 1031 693 1084 729; x_wconf 87' lang='lat'>28,</span> <span class='ocrx_word' id='word_1_97' title='bbox 1104 703 1133 723; x_wconf 82' lang='lat'>2.</span> <span class='ocrx_word' id='word_1_98' title='bbox 1151 692 1314 723; x_wconf 65' lang='lat' dir='ltr'>deleftum</span> 
     </span>
     <span class='ocr_line' id='line_1_13' title="bbox 152 735 1315 775; baseline 0.002 -10"><span class='ocrx_word' id='word_1_99' title='bbox 152 736 186 765; x_wconf 87' lang='lat' dir='ltr'>in</span> <span class='ocrx_word' id='word_1_100' title='bbox 213 735 366 774; x_wconf 78' lang='lat' dir='ltr'>Hispania</span> <span class='ocrx_word' id='word_1_101' title='bbox 390 745 466 766; x_wconf 87' lang='lat' dir='ltr'>curn</span> <span class='ocrx_word' id='word_1_102' title='bbox 492 736 682 773; x_wconf 82' lang='lat' dir='ltr'>Asdrubale,</span> <span class='ocrx_word' id='word_1_103' title='bbox 707 735 856 775; x_wconf 81' lang='lat' dir='ltr'>Gisgonis</span> <span class='ocrx_word' id='word_1_104' title='bbox 879 735 959 772; x_wconf 84' lang='lat' dir='ltr'>filio,</span> <span class='ocrx_word' id='word_1_105' title='bbox 985 736 1096 772; x_wconf 88' lang='lat' dir='ltr'>habet,</span> <span class='ocrx_word' id='word_1_106' title='bbox 1120 744 1150 765; x_wconf 92' lang='lat' dir='ltr'>et</span> <span class='ocrx_word' id='word_1_107' title='bbox 1174 746 1250 766; x_wconf 88' lang='lat' dir='ltr'>cum</span> <span class='ocrx_word' id='word_1_108' title='bbox 1276 746 1315 767; x_wconf 86' lang='lat' dir='ltr'>eo</span> 
     </span>
     <span class='ocr_line' id='line_1_14' title="bbox 155 778 1314 819; baseline 0.001 -11"><span class='ocrx_word' id='word_1_109' title='bbox 155 778 276 808; x_wconf 87' lang='lat' dir='ltr'>bellurn</span> <span class='ocrx_word' id='word_1_110' title='bbox 315 780 479 815; x_wconf 72' lang='lat' dir='ltr'>instaurat,</span> <span class='ocrx_word' id='word_1_111' title='bbox 509 789 556 810; x_wconf 85' lang='lat'>12.</span> <span class='ocrx_word' id='word_1_112' title='bbox 587 780 718 818; x_wconf 78' lang='lat' dir='ltr'>equestri</span> <span class='ocrx_word' id='word_1_113' title='bbox 745 779 858 819; x_wconf 82' lang='lat' dir='ltr'>proelio</span> <span class='ocrx_word' id='word_1_114' title='bbox 887 780 1038 816; x_wconf 66' lang='lat' dir='ltr'>vincitur,</span> <span class='ocrx_word' id='word_1_115' title='bbox 1069 789 1116 817; x_wconf 86' lang='lat'>¹3·</span> <span class='ocrx_word' id='word_1_116' title='bbox 1142 781 1164 809; x_wconf 95' lang='lat' dir='ltr'>it</span> <span class='ocrx_word' id='word_1_117' title='bbox 1195 780 1314 817; x_wconf 80' lang='lat' dir='ltr'>Gades,</span> 
     </span>
     <span class='ocr_line' id='line_1_15' title="bbox 153 822 1313 862; baseline 0.002 -10"><span class='ocrx_word' id='word_1_118' title='bbox 153 822 380 862; x_wconf 82' lang='lat' dir='ltr'>diflipaturque</span> <span class='ocrx_word' id='word_1_119' title='bbox 402 823 470 861; x_wconf 83' lang='lat' dir='ltr'>ejus</span> <span class='ocrx_word' id='word_1_120' title='bbox 495 824 664 859; x_wconf 76' lang='lat' dir='ltr'>exercitus,</span> <span class='ocrx_word' id='word_1_121' title='bbox 688 824 735 853; x_wconf 83' lang='lat'>16.</span> <span class='ocrx_word' id='word_1_122' title='bbox 782 823 927 853; x_wconf 82' lang='lat' dir='ltr'>Gadibus</span> <span class='ocrx_word' id='word_1_123' title='bbox 949 833 989 853; x_wconf 77' lang='lat' dir='ltr'>ex</span> <span class='ocrx_word' id='word_1_124' title='bbox 1006 823 1081 862; x_wconf 82' lang='lat' dir='ltr'>suga</span> <span class='ocrx_word' id='word_1_125' title='bbox 1098 823 1244 861; x_wconf 74' lang='lat' dir='ltr'>subsistit,</span> <span class='ocrx_word' id='word_1_126' title='bbox 1261 833 1313 862; x_wconf 87' lang='lat'>23.</span> 
     </span>
     <span class='ocr_line' id='line_1_16' title="bbox 148 864 1309 905; baseline 0.002 -10"><span class='ocrx_word' id='word_1_127' title='bbox 148 864 280 904; x_wconf 83' lang='lat' dir='ltr'>jubetur</span> <span class='ocrx_word' id='word_1_128' title='bbox 297 876 315 895; x_wconf 90' lang='lat' dir='ltr'>a</span> <span class='ocrx_word' id='word_1_129' title='bbox 330 867 438 896; x_wconf 84' lang='lat' dir='ltr'>senatu</span> <span class='ocrx_word' id='word_1_130' title='bbox 455 866 705 905; x_wconf 78' lang='lat' dir='ltr'>Carthaginiensi</span> <span class='ocrx_word' id='word_1_131' title='bbox 725 865 864 901; x_wconf 81' lang='lat' dir='ltr'>claflem‚</span> <span class='ocrx_word' id='word_1_132' title='bbox 878 875 977 905; x_wconf 89' lang='lat' dir='ltr'>quam</span> <span class='ocrx_word' id='word_1_133' title='bbox 996 867 1141 896; x_wconf 82' lang='lat' dir='ltr'>Gadibus</span> <span class='ocrx_word' id='word_1_134' title='bbox 1164 867 1309 904; x_wconf 84' lang='lat' dir='ltr'>haberet,</span> 
     </span>
     <span class='ocr_line' id='line_1_17' title="bbox 156 909 1316 948; baseline 0.002 -10"><span class='ocrx_word' id='word_1_135' title='bbox 156 909 189 938; x_wconf 88' lang='lat' dir='ltr'>in</span> <span class='ocrx_word' id='word_1_136' title='bbox 213 909 340 939; x_wconf 83' lang='lat' dir='ltr'>ltaliam</span> <span class='ocrx_word' id='word_1_137' title='bbox 358 910 509 947; x_wconf 42' lang='lat' dir='ltr'>trajicere.</span> <span class='ocrx_word' id='word_1_138' title='bbox 531 911 581 948; x_wconf 82' lang='grc'>36.</span> <span class='ocrx_word' id='word_1_139' title='bbox 598 920 616 939; x_wconf 90' lang='lat' dir='ltr'>a</span> <span class='ocrx_word' id='word_1_140' title='bbox 641 911 810 940; x_wconf 86' lang='lat' dir='ltr'>Gaditanis</span> <span class='ocrx_word' id='word_1_141' title='bbox 836 917 918 940; x_wconf 88' lang='lat' dir='ltr'>intra</span> <span class='ocrx_word' id='word_1_142' title='bbox 943 909 1056 939; x_wconf 86' lang='lat' dir='ltr'>urbem</span> <span class='ocrx_word' id='word_1_143' title='bbox 1082 919 1149 939; x_wconf 87' lang='lat' dir='ltr'>non</span> <span class='ocrx_word' id='word_1_144' title='bbox 1171 911 1316 941; x_wconf 86' lang='lat' dir='ltr'>admitti—</span> 
     </span>
     <span class='ocr_line' id='line_1_18' title="bbox 156 953 1318 994; baseline 0.003 -13"><span class='ocrx_word' id='word_1_145' title='bbox 156 957 220 988; x_wconf 90' lang='lat' dir='ltr'>tur,</span> <span class='ocrx_word' id='word_1_146' title='bbox 236 961 287 991; x_wconf 86' lang='lat'>37.</span> <span class='ocrx_word' id='word_1_147' title='bbox 303 963 342 982; x_wconf 85' lang='lat' dir='ltr'>ex</span> <span class='ocrx_word' id='word_1_148' title='bbox 367 963 493 982; x_wconf 83' lang='lat' dir='ltr'>minore</span> <span class='ocrx_word' id='word_1_149' title='bbox 517 953 696 984; x_wconf 75' lang='lat' dir='ltr'>Balearium</span> <span class='ocrx_word' id='word_1_150' title='bbox 723 954 824 983; x_wconf 88' lang='lat' dir='ltr'>insula</span> <span class='ocrx_word' id='word_1_151' title='bbox 842 955 873 984; x_wconf 92' lang='lat' dir='ltr'>in</span> <span class='ocrx_word' id='word_1_152' title='bbox 899 953 1026 983; x_wconf 87' lang='lat' dir='ltr'>Italiam</span> <span class='ocrx_word' id='word_1_153' title='bbox 1044 953 1172 991; x_wconf 85' lang='lat' dir='ltr'>trajicit,</span> <span class='ocrx_word' id='word_1_154' title='bbox 1189 955 1242 994; x_wconf 86' lang='lat'>46.</span> <span class='ocrx_word' id='word_1_155' title='bbox 1262 963 1318 984; x_wconf 88' lang='lat' dir='ltr'>ca-</span> 
     </span>
     <span class='ocr_line' id='line_1_19' title="bbox 157 996 1315 1038; baseline 0.003 -14"><span class='ocrx_word' id='word_1_156' title='bbox 157 996 203 1034; x_wconf 84' lang='lat' dir='ltr'>pit</span> <span class='ocrx_word' id='word_1_157' title='bbox 221 996 385 1031; x_wconf 79' lang='lat' dir='ltr'>Genuam,</span> <span class='ocrx_word' id='word_1_158' title='bbox 404 996 475 1026; x_wconf 80' lang='lat' dir='ltr'>ibid.</span> <span class='ocrx_word' id='word_1_159' title='bbox 494 996 604 1026; x_wconf 78' lang='lat' dir='ltr'>Gallos</span> <span class='ocrx_word' id='word_1_160' title='bbox 627 1004 658 1027; x_wconf 86' lang='lat' dir='ltr'>et</span> <span class='ocrx_word' id='word_1_161' title='bbox 682 998 810 1036; x_wconf 81' lang='lat' dir='ltr'>Ligures</span> <span class='ocrx_word' id='word_1_162' title='bbox 835 998 868 1027; x_wconf 90' lang='lat' dir='ltr'>in</span> <span class='ocrx_word' id='word_1_163' title='bbox 892 996 1071 1027; x_wconf 83' lang='lat' dir='ltr'>concilium</span> <span class='ocrx_word' id='word_1_164' title='bbox 1089 1004 1196 1034; x_wconf 82' lang='lat' dir='ltr'>vocat,</span> <span class='ocrx_word' id='word_1_165' title='bbox 1214 1007 1265 1038; x_wconf 83' lang='lat'>29,</span> <span class='ocrx_word' id='word_1_166' title='bbox 1284 1005 1315 1037; x_wconf 83' lang='lat'>5.</span> 
     </span>
     <span class='ocr_line' id='line_1_20' title="bbox 154 1039 1317 1078; baseline 0.003 -11"><span class='ocrx_word' id='word_1_167' title='bbox 154 1039 294 1068; x_wconf 89' lang='lat' dir='ltr'>vincitur</span> <span class='ocrx_word' id='word_1_168' title='bbox 319 1049 337 1068; x_wconf 91' lang='lat' dir='ltr'>a</span> <span class='ocrx_word' id='word_1_169' title='bbox 361 1039 530 1075; x_wconf 80' lang='lat' dir='ltr'>Romanis,</span> <span class='ocrx_word' id='word_1_170' title='bbox 558 1049 610 1078; x_wconf 87' lang='lat'>30,</span> <span class='ocrx_word' id='word_1_171' title='bbox 632 1042 680 1071; x_wconf 88' lang='lat'>18.</span> <span class='ocrx_word' id='word_1_172' title='bbox 704 1041 824 1070; x_wconf 79' lang='lat' dir='ltr'>femore</span> <span class='ocrx_word' id='word_1_173' title='bbox 848 1040 1002 1070; x_wconf 80' lang='lat' dir='ltr'>transfixo</span> <span class='ocrx_word' id='word_1_174' title='bbox 1019 1040 1217 1078; x_wconf 80' lang='lat' dir='ltr'>vulneratur,</span> <span class='ocrx_word' id='word_1_175' title='bbox 1243 1040 1317 1071; x_wconf 78' lang='lat' dir='ltr'>ibid.</span> 
     </span>
     <span class='ocr_line' id='line_1_21' title="bbox 155 1083 1059 1122; baseline 0.003 -12"><span class='ocrx_word' id='word_1_176' title='bbox 155 1083 293 1121; x_wconf 60' lang='lat' dir='ltr'>profugit</span> <span class='ocrx_word' id='word_1_177' title='bbox 310 1084 340 1112; x_wconf 91' lang='lat' dir='ltr'>in</span> <span class='ocrx_word' id='word_1_178' title='bbox 362 1083 534 1122; x_wconf 78' lang='lat' dir='ltr'>Liguriam,</span> <span class='ocrx_word' id='word_1_179' title='bbox 554 1093 602 1122; x_wconf 86' lang='lat'>19.</span> <span class='ocrx_word' id='word_1_180' title='bbox 620 1093 659 1113; x_wconf 85' lang='lat' dir='ltr'>ex</span> <span class='ocrx_word' id='word_1_181' title='bbox 676 1083 808 1113; x_wconf 91' lang='lat' dir='ltr'>vulnere</span> <span class='ocrx_word' id='word_1_182' title='bbox 825 1085 970 1119; x_wconf 88' lang='lat' dir='ltr'>moritur,</span> <span class='ocrx_word' id='word_1_183' title='bbox 988 1083 1059 1114; x_wconf 82' lang='lat' dir='ltr'>ibid.</span> 
     </span>
     <span class='ocr_line' id='line_1_22' title="bbox 113 1123 973 1166; baseline 0.003 -12"><span class='ocrx_word' id='word_1_184' title='bbox 113 1123 226 1164; x_wconf 86' lang='lat' dir='ltr'>Mago,</span> <span class='ocrx_word' id='word_1_185' title='bbox 244 1126 365 1164; x_wconf 82' lang='lat' dir='ltr'>legatus</span> <span class='ocrx_word' id='word_1_186' title='bbox 383 1127 556 1156; x_wconf 84' lang='lat' dir='ltr'>Poenorum</span> <span class='ocrx_word' id='word_1_187' title='bbox 573 1127 611 1156; x_wconf 87' lang='lat' dir='ltr'>ad</span> <span class='ocrx_word' id='word_1_188' title='bbox 630 1127 829 1166; x_wconf 86' lang='lat' dir='ltr'>Philippum,</span> <span class='ocrx_word' id='word_1_189' title='bbox 850 1137 902 1165; x_wconf 88' lang='lat'>23,</span> <span class='ocrx_word' id='word_1_190' title='bbox 921 1137 973 1166; x_wconf 82' lang='lat'>34.</span> 
     </span>
     <span class='ocr_line' id='line_1_23' title="bbox 115 1168 1215 1210; baseline 0.003 -13"><span class='ocrx_word' id='word_1_191' title='bbox 115 1168 214 1208; x_wconf 84' lang='lat' dir='ltr'>Mago</span> <span class='ocrx_word' id='word_1_192' title='bbox 227 1177 267 1198; x_wconf 87' lang='lat' dir='ltr'>ex</span> <span class='ocrx_word' id='word_1_193' title='bbox 283 1176 377 1208; x_wconf 81' lang='lat' dir='ltr'>gente</span> <span class='ocrx_word' id='word_1_194' title='bbox 396 1170 542 1205; x_wconf 80' lang='lat' dir='ltr'>Barcina,</span> <span class='ocrx_word' id='word_1_195' title='bbox 559 1178 716 1209; x_wconf 82' lang='lat' dir='ltr'>cognatus</span> <span class='ocrx_word' id='word_1_196' title='bbox 733 1170 917 1207; x_wconf 86' lang='lat' dir='ltr'>Annibalis,</span> <span class='ocrx_word' id='word_1_197' title='bbox 935 1170 1072 1209; x_wconf 87' lang='lat' dir='ltr'>capitur,</span> <span class='ocrx_word' id='word_1_198' title='bbox 1091 1179 1143 1208; x_wconf 85' lang='grc'>23,</span> <span class='ocrx_word' id='word_1_199' title='bbox 1161 1180 1215 1210; x_wconf 85' lang='lat'>41.</span> 
     </span>
     <span class='ocr_line' id='line_1_24' title="bbox 115 1211 1317 1252; baseline 0.002 -11"><span class='ocrx_word' id='word_1_200' title='bbox 115 1211 234 1251; x_wconf 83' lang='lat' dir='ltr'>Mago,</span> <span class='ocrx_word' id='word_1_201' title='bbox 253 1212 424 1242; x_wconf 70' lang='lat' dir='ltr'>Pomorum</span> <span class='ocrx_word' id='word_1_202' title='bbox 443 1213 523 1249; x_wconf 84' lang='lat' dir='ltr'>dux,</span> <span class='ocrx_word' id='word_1_203' title='bbox 541 1213 770 1252; x_wconf 80' lang='lat' dir='ltr'>Carthaginem</span> <span class='ocrx_word' id='word_1_204' title='bbox 790 1224 910 1243; x_wconf 81' lang='lat' dir='ltr'>novam</span> <span class='ocrx_word' id='word_1_205' title='bbox 934 1221 1054 1250; x_wconf 89' lang='lat' dir='ltr'>tuetur,</span> <span class='ocrx_word' id='word_1_206' title='bbox 1070 1215 1121 1249; x_wconf 74' lang='lat'>26,</span> <span class='ocrx_word' id='word_1_207' title='bbox 1136 1224 1189 1252; x_wconf 82' lang='lat'>44.</span> <span class='ocrx_word' id='word_1_208' title='bbox 1207 1213 1249 1250; x_wconf 88' lang='lat' dir='ltr'>se,</span> <span class='ocrx_word' id='word_1_209' title='bbox 1266 1222 1317 1243; x_wconf 83' lang='lat' dir='ltr'>ar-</span> 
     </span>
     <span class='ocr_line' id='line_1_25' title="bbox 157 1256 1317 1298; baseline 0.002 -13"><span class='ocrx_word' id='word_1_210' title='bbox 157 1264 243 1292; x_wconf 85' lang='lat' dir='ltr'>cem,</span> <span class='ocrx_word' id='word_1_211' title='bbox 268 1263 299 1285; x_wconf 88' lang='lat' dir='ltr'>et</span> <span class='ocrx_word' id='word_1_212' title='bbox 326 1256 505 1295; x_wconf 67' lang='lat' dir='ltr'>proelidiuni</span> <span class='ocrx_word' id='word_1_213' title='bbox 537 1258 680 1296; x_wconf 86' lang='lat' dir='ltr'>Scipioni</span> <span class='ocrx_word' id='word_1_214' title='bbox 705 1258 804 1291; x_wconf 82' lang='lat' dir='ltr'>dedit,</span> <span class='ocrx_word' id='word_1_215' title='bbox 829 1259 881 1298; x_wconf 82' lang='lat'>46.</span> <span class='ocrx_word' id='word_1_216' title='bbox 907 1257 1046 1295; x_wconf 84' lang='lat' dir='ltr'>Romam</span> <span class='ocrx_word' id='word_1_217' title='bbox 1074 1258 1212 1287; x_wconf 86' lang='lat' dir='ltr'>mittitur</span> <span class='ocrx_word' id='word_1_218' title='bbox 1237 1266 1317 1287; x_wconf 88' lang='lat' dir='ltr'>cum</span> 
     </span>
     <span class='ocr_line' id='line_1_26' title="bbox 157 1300 794 1340; baseline 0.005 -12"><span class='ocrx_word' id='word_1_219' title='bbox 157 1300 344 1338; x_wconf 82' lang='lat' dir='ltr'>quindecim</span> <span class='ocrx_word' id='word_1_220' title='bbox 363 1301 497 1339; x_wconf 83' lang='lat' dir='ltr'>captivis</span> <span class='ocrx_word' id='word_1_221' title='bbox 519 1301 726 1336; x_wconf 77' lang='lat' dir='ltr'>senatoribus,</span> <span class='ocrx_word' id='word_1_222' title='bbox 743 1310 794 1340; x_wconf 78' lang='lat'>51</span> 
     </span>
     <span class='ocr_line' id='line_1_27' title="bbox 116 1341 1318 1383; baseline 0.001 -12"><span class='ocrx_word' id='word_1_223' title='bbox 116 1341 300 1378; x_wconf 86' lang='lat' dir='ltr'>Maharbal,</span> <span class='ocrx_word' id='word_1_224' title='bbox 320 1343 515 1372; x_wconf 82' lang='lat' dir='ltr'>Himilconis</span> <span class='ocrx_word' id='word_1_225' title='bbox 541 1343 638 1380; x_wconf 85' lang='lat' dir='ltr'>filius,</span> <span class='ocrx_word' id='word_1_226' title='bbox 661 1344 897 1383; x_wconf 84' lang='lat' dir='ltr'>oppugnationi</span> <span class='ocrx_word' id='word_1_227' title='bbox 921 1344 1055 1382; x_wconf 88' lang='lat' dir='ltr'>Sagunti</span> <span class='ocrx_word' id='word_1_228' title='bbox 1080 1343 1254 1383; x_wconf 79' lang='lat' dir='ltr'>praeficitur</span> <span class='ocrx_word' id='word_1_229' title='bbox 1276 1342 1318 1373; x_wconf 93' lang='lat' dir='ltr'>ab</span> 
     </span>
     <span class='ocr_line' id='line_1_28' title="bbox 158 1385 1319 1427; baseline 0.003 -13"><span class='ocrx_word' id='word_1_230' title='bbox 158 1385 333 1417; x_wconf 87' lang='lat' dir='ltr'>Annibale</span> <span class='ocrx_word' id='word_1_231' title='bbox 352 1386 568 1424; x_wconf 82' lang='lat' dir='ltr'>proficiscente</span> <span class='ocrx_word' id='word_1_232' title='bbox 592 1388 623 1416; x_wconf 93' lang='lat' dir='ltr'>in</span> <span class='ocrx_word' id='word_1_233' title='bbox 648 1387 803 1417; x_wconf 79' lang='lat' dir='ltr'>Oretanos</span> <span class='ocrx_word' id='word_1_234' title='bbox 827 1388 1100 1427; x_wconf 69' lang='lat' dir='ltr'>Carpemnosque,</span> <span class='ocrx_word' id='word_1_235' title='bbox 1124 1386 1319 1424; x_wconf 87' lang='lat' dir='ltr'>21,12.de-</span> 
     </span>
     <span class='ocr_line' id='line_1_29' title="bbox 158 1425 1318 1470; baseline 0.002 -13"><span class='ocrx_word' id='word_1_236' title='bbox 158 1429 330 1467; x_wconf 87' lang='lat' dir='ltr'>populatur</span> <span class='ocrx_word' id='word_1_237' title='bbox 355 1429 511 1458; x_wconf 78' lang='lat' dir='ltr'>sociorum</span> <span class='ocrx_word' id='word_1_238' title='bbox 538 1429 647 1468; x_wconf 86' lang='lat' dir='ltr'>populi</span> <span class='ocrx_word' id='word_1_239' title='bbox 674 1430 813 1460; x_wconf 87' lang='lat' dir='ltr'>Romani</span> <span class='ocrx_word' id='word_1_240' title='bbox 837 1440 939 1469; x_wconf 83' lang='lat' dir='ltr'>agros,</span> <span class='ocrx_word' id='word_1_241' title='bbox 955 1439 1008 1470; x_wconf 83' lang='lat'>45</span> <span class='ocrx_word' id='word_1_242' title='bbox 1036 1431 1230 1469; x_wconf 74' lang='lat' dir='ltr'>pertequitur</span> <span class='ocrx_word' id='word_1_243' title='bbox 1254 1425 1318 1459; x_wconf 86' lang='lat' dir='ltr'>Ro-</span> 
     </span>
     <span class='ocr_line' id='line_1_30' title="bbox 159 1471 1319 1513; baseline 0.002 -12"><span class='ocrx_word' id='word_1_244' title='bbox 159 1481 289 1507; x_wconf 80' lang='lat' dir='ltr'>manOS,</span> <span class='ocrx_word' id='word_1_245' title='bbox 307 1481 325 1501; x_wconf 94' lang='lat' dir='ltr'>a</span> <span class='ocrx_word' id='word_1_246' title='bbox 339 1471 526 1502; x_wconf 86' lang='lat' dir='ltr'>Trasimeno</span> <span class='ocrx_word' id='word_1_247' title='bbox 544 1474 714 1511; x_wconf 71' lang='lat' dir='ltr'>lugientes,</span> <span class='ocrx_word' id='word_1_248' title='bbox 734 1484 785 1510; x_wconf 85' lang='lat'>22,</span> <span class='ocrx_word' id='word_1_249' title='bbox 801 1474 831 1502; x_wconf 88' lang='grc'><strong>6</strong></span> <span class='ocrx_word' id='word_1_250' title='bbox 850 1474 1014 1513; x_wconf 76' lang='lat' dir='ltr'>praefe6tus</span> <span class='ocrx_word' id='word_1_251' title='bbox 1029 1474 1191 1512; x_wconf 86' lang='lat' dir='ltr'>equitum,</span> <span class='ocrx_word' id='word_1_252' title='bbox 1210 1473 1319 1503; x_wconf 88' lang='lat' dir='ltr'>suadet</span> 
     </span>
     <span class='ocr_line' id='line_1_31' title="bbox 158 1515 1317 1557; baseline 0.002 -13"><span class='ocrx_word' id='word_1_253' title='bbox 158 1515 312 1545; x_wconf 88' lang='lat' dir='ltr'>Annibali</span> <span class='ocrx_word' id='word_1_254' title='bbox 331 1516 397 1555; x_wconf 75' lang='lat' dir='ltr'>post</span> <span class='ocrx_word' id='word_1_255' title='bbox 412 1516 537 1545; x_wconf 83' lang='lat' dir='ltr'>cladem</span> <span class='ocrx_word' id='word_1_256' title='bbox 555 1516 783 1546; x_wconf 89' lang='lat' dir='ltr'>Romanorum</span> <span class='ocrx_word' id='word_1_257' title='bbox 800 1517 839 1547; x_wconf 90' lang='lat' dir='ltr'>ad</span> <span class='ocrx_word' id='word_1_258' title='bbox 856 1517 998 1555; x_wconf 87' lang='lat' dir='ltr'>Cannas,</span> <span class='ocrx_word' id='word_1_259' title='bbox 1015 1524 1053 1547; x_wconf 91' lang='lat' dir='ltr'>ut</span> <span class='ocrx_word' id='word_1_260' title='bbox 1069 1516 1317 1557; x_wconf 87' lang='lat' dir='ltr'>quamprimum</span> 
     </span>
     <span class='ocr_line' id='line_1_32' title="bbox 160 1558 752 1599; baseline 0.003 -11"><span class='ocrx_word' id='word_1_261' title='bbox 160 1558 299 1588; x_wconf 87' lang='lat' dir='ltr'>Romam</span> <span class='ocrx_word' id='word_1_262' title='bbox 319 1566 415 1598; x_wconf 82' lang='lat' dir='ltr'>petat,</span> <span class='ocrx_word' id='word_1_263' title='bbox 431 1568 484 1599; x_wconf 81' lang='lat'>5¹·</span> <span class='ocrx_word' id='word_1_264' title='bbox 501 1559 567 1588; x_wconf 83' lang='lat' dir='ltr'>vid.</span> <span class='ocrx_word' id='word_1_265' title='bbox 585 1566 612 1588; x_wconf 82' lang='lat' dir='ltr'>et</span> <span class='ocrx_word' id='word_1_266' title='bbox 630 1570 681 1599; x_wconf 87' lang='lat'>23,</span> <span class='ocrx_word' id='word_1_267' title='bbox 704 1562 752 1590; x_wconf 86' lang='lat'>18.</span> 
     </span>
     <span class='ocr_line' id='line_1_33' title="bbox 117 1601 945 1644; baseline 0.005 -13"><span class='ocrx_word' id='word_1_268' title='bbox 117 1601 237 1638; x_wconf 84' lang='lat' dir='ltr'>Malea,</span> <span class='ocrx_word' id='word_1_269' title='bbox 256 1611 308 1640; x_wconf 87' lang='lat'>31,</span> <span class='ocrx_word' id='word_1_270' title='bbox 325 1612 378 1642; x_wconf 86' lang='lat'>44.</span> <span class='ocrx_word' id='word_1_271' title='bbox 395 1609 426 1632; x_wconf 89' lang='lat' dir='ltr'>et</span> <span class='ocrx_word' id='word_1_272' title='bbox 441 1612 496 1641; x_wconf 87' lang='lat'>47.</span> <span class='ocrx_word' id='word_1_273' title='bbox 520 1612 574 1640; x_wconf 86' lang='lat'>32,</span> <span class='ocrx_word' id='word_1_274' title='bbox 597 1605 645 1633; x_wconf 87' lang='lat'>16.</span> <span class='ocrx_word' id='word_1_275' title='bbox 672 1604 725 1642; x_wconf 84' lang='lat'>36,</span> <span class='ocrx_word' id='word_1_276' title='bbox 740 1613 794 1644; x_wconf 85' lang='lat'>42.</span> <span class='ocrx_word' id='word_1_277' title='bbox 819 1613 875 1643; x_wconf 83' lang='lat'>42,</span> <span class='ocrx_word' id='word_1_278' title='bbox 895 1604 945 1644; x_wconf 84' lang='lat'>56.</span> 
     </span>
     <span class='ocr_line' id='line_1_34' title="bbox 119 1645 663 1685; baseline 0.006 -11"><span class='ocrx_word' id='word_1_279' title='bbox 119 1645 235 1675; x_wconf 76' lang='lat' dir='ltr'>Malcae</span> <span class='ocrx_word' id='word_1_280' title='bbox 250 1647 519 1684; x_wconf 84' lang='lat' dir='ltr'>promontorium,</span> <span class='ocrx_word' id='word_1_281' title='bbox 539 1656 591 1685; x_wconf 82' lang='lat'>34,</span> <span class='ocrx_word' id='word_1_282' title='bbox 612 1656 663 1685; x_wconf 86' lang='lat'>32.</span> 
     </span>
     <span class='ocr_line' id='line_1_35' title="bbox 120 1688 625 1729; baseline 0.004 -12"><span class='ocrx_word' id='word_1_283' title='bbox 120 1688 358 1724; x_wconf 88' lang='lat' dir='ltr'>Maleventum,</span> <span class='ocrx_word' id='word_1_284' title='bbox 373 1698 404 1727; x_wconf 92' lang='lat'>9,</span> <span class='ocrx_word' id='word_1_285' title='bbox 424 1697 462 1725; x_wconf 83' lang='lat'>27</span> <span class='ocrx_word' id='word_1_286' title='bbox 503 1698 554 1724; x_wconf 92' lang='lat'>10,</span> <span class='ocrx_word' id='word_1_287' title='bbox 576 1699 625 1729; x_wconf 86' lang='lat'>15.</span> 
     </span>
     <span class='ocr_line' id='line_1_36' title="bbox 118 1730 1061 1774; baseline 0.002 -13"><span class='ocrx_word' id='word_1_288' title='bbox 118 1730 278 1761; x_wconf 88' lang='lat' dir='ltr'>Maliacus</span> <span class='ocrx_word' id='word_1_289' title='bbox 293 1732 390 1769; x_wconf 72' lang='lat' dir='ltr'>sinus,</span> <span class='ocrx_word' id='word_1_290' title='bbox 409 1741 460 1770; x_wconf 86' lang='lat'>27,</span> <span class='ocrx_word' id='word_1_291' title='bbox 476 1741 529 1771; x_wconf 88' lang='lat'>30.</span> <span class='ocrx_word' id='word_1_292' title='bbox 555 1733 676 1773; x_wconf 86' lang='lat' dir='ltr'>3i,46.</span> <span class='ocrx_word' id='word_1_293' title='bbox 702 1743 755 1773; x_wconf 87' lang='lat'>32,</span> <span class='ocrx_word' id='word_1_294' title='bbox 772 1743 804 1773; x_wconf 87' lang='lat'>4.</span> <span class='ocrx_word' id='word_1_295' title='bbox 819 1739 850 1763; x_wconf 85' lang='lat' dir='ltr'>et</span> <span class='ocrx_word' id='word_1_296' title='bbox 868 1742 919 1772; x_wconf 86' lang='lat'>32.</span> <span class='ocrx_word' id='word_1_297' title='bbox 937 1733 990 1772; x_wconf 81' lang='lat'>36,</span> <span class='ocrx_word' id='word_1_298' title='bbox 1011 1743 1061 1774; x_wconf 89' lang='lat'>¹4·</span> 
     </span>
     <span class='ocr_line' id='line_1_37' title="bbox 119 1773 499 1813; baseline 0.005 -10"><span class='ocrx_word' id='word_1_299' title='bbox 119 1773 280 1804; x_wconf 90' lang='lat' dir='ltr'>Malitiosa</span> <span class='ocrx_word' id='word_1_300' title='bbox 298 1775 384 1812; x_wconf 84' lang='lat' dir='ltr'>filva,</span> <span class='ocrx_word' id='word_1_301' title='bbox 405 1785 431 1812; x_wconf 91' lang='lat' dir='ltr'>i,</span> <span class='ocrx_word' id='word_1_302' title='bbox 449 1785 499 1813; x_wconf 87' lang='lat'>30.</span> 
     </span>
     <span class='ocr_line' id='line_1_38' title="bbox 119 1817 711 1859; baseline 0.005 -12"><span class='ocrx_word' id='word_1_303' title='bbox 119 1817 282 1848; x_wconf 84' lang='lat' dir='ltr'>Malienfis</span> <span class='ocrx_word' id='word_1_304' title='bbox 298 1828 370 1857; x_wconf 86' lang='lat' dir='ltr'>ager</span> <span class='ocrx_word' id='word_1_305' title='bbox 387 1819 418 1848; x_wconf 89' lang='lat' dir='ltr'>iri</span> <span class='ocrx_word' id='word_1_306' title='bbox 436 1819 573 1855; x_wconf 69' lang='lat' dir='ltr'>Graecia,</span> <span class='ocrx_word' id='word_1_307' title='bbox 586 1829 644 1859; x_wconf 89' lang='lat'>42,</span> <span class='ocrx_word' id='word_1_308' title='bbox 657 1828 711 1859; x_wconf 88' lang='lat'>40.</span> 
     </span>
     <span class='ocr_line' id='line_1_39' title="bbox 118 1860 580 1898; baseline 0.002 -8"><span class='ocrx_word' id='word_1_309' title='bbox 118 1860 304 1898; x_wconf 85' lang='lat' dir='ltr'>Malleolus,</span> <span class='ocrx_word' id='word_1_310' title='bbox 322 1861 388 1891; x_wconf 81' lang='lat' dir='ltr'>vid.</span> <span class='ocrx_word' id='word_1_311' title='bbox 407 1862 580 1892; x_wconf 85' lang='lat' dir='ltr'>Publicius.</span> 
     </span>
     <span class='ocr_line' id='line_1_40' title="bbox 120 1904 602 1944; baseline 0.004 -11"><span class='ocrx_word' id='word_1_312' title='bbox 120 1904 278 1940; x_wconf 89' lang='lat' dir='ltr'>Malleoli,</span> <span class='ocrx_word' id='word_1_313' title='bbox 297 1905 396 1944; x_wconf 86' lang='lat' dir='ltr'>ignita</span> <span class='ocrx_word' id='word_1_314' title='bbox 411 1905 485 1940; x_wconf 82' lang='lat' dir='ltr'>tela,</span> <span class='ocrx_word' id='word_1_315' title='bbox 504 1907 556 1943; x_wconf 84' lang='lat'>38,</span> <span class='ocrx_word' id='word_1_316' title='bbox 572 1907 602 1935; x_wconf 89' lang='lat'>6.</span> 
     </span>
     <span class='ocr_line' id='line_1_41' title="bbox 120 1947 1319 1993; baseline 0.005 -16"><span class='ocrx_word' id='word_1_317' title='bbox 120 1947 254 1978; x_wconf 83' lang='lat' dir='ltr'>Malloea</span> <span class='ocrx_word' id='word_1_318' title='bbox 269 1947 465 1981; x_wconf 78' lang='lat' dir='ltr'>l’errhaebiae,</span> <span class='ocrx_word' id='word_1_319' title='bbox 483 1957 536 1986; x_wconf 86' lang='grc' dir='ltr'>3ι,</span> <span class='ocrx_word' id='word_1_320' title='bbox 551 1957 604 1986; x_wconf 87' lang='lat'>4¹·</span> <span class='ocrx_word' id='word_1_321' title='bbox 630 1949 683 1986; x_wconf 84' lang='lat'>36,</span> <span class='ocrx_word' id='word_1_322' title='bbox 706 1957 754 1986; x_wconf 91' lang='lat'>13.</span> <span class='ocrx_word' id='word_1_323' title='bbox 782 1957 836 1987; x_wconf 87' lang='lat'>39,</span> <span class='ocrx_word' id='word_1_324' title='bbox 855 1955 906 1989; x_wconf 80' lang='lat'>25.</span> <span class='ocrx_word' id='word_1_325' title='bbox 922 1949 952 1979; x_wconf 91' lang='lat' dir='ltr'>vi</span> <span class='ocrx_word' id='word_1_326' title='bbox 971 1949 1096 1989; x_wconf 88' lang='lat' dir='ltr'>capitur</span> <span class='ocrx_word' id='word_1_327' title='bbox 1112 1959 1130 1980; x_wconf 88' lang='lat' dir='ltr'>a</span> <span class='ocrx_word' id='word_1_328' title='bbox 1148 1951 1319 1993; x_wconf 86' lang='lat' dir='ltr'>Menippo,</span> 
     </span>
    </p>
   </div>
   <div class='ocr_carea' id='block_1_3' title="bbox 162 1991 1322 2073">
    <p class='ocr_par' dir='ltr' id='par_1_3' title="bbox 162 1991 1322 2073">
     <span class='ocr_line' id='line_1_42' title="bbox 163 1991 1322 2036; baseline 0.006 -16"><span class='ocrx_word' id='word_1_329' title='bbox 163 1991 244 2021; x_wconf 90' lang='lat' dir='ltr'>duce</span> <span class='ocrx_word' id='word_1_330' title='bbox 267 1991 436 2028; x_wconf 82' lang='lat' dir='ltr'>Antiochi,</span> <span class='ocrx_word' id='word_1_331' title='bbox 463 1993 516 2030; x_wconf 77' lang='lat'>36,</span> <span class='ocrx_word' id='word_1_332' title='bbox 546 2001 593 2021; x_wconf 83' lang='grc' dir='ltr'>ιο.</span> <span class='ocrx_word' id='word_1_333' title='bbox 621 1991 788 2021; x_wconf 75' lang='lat' dir='ltr'>Malloeam</span> <span class='ocrx_word' id='word_1_334' title='bbox 812 1994 898 2032; x_wconf 87' lang='lat' dir='ltr'>capit</span> <span class='ocrx_word' id='word_1_335' title='bbox 922 1992 1103 2033; x_wconf 79' lang='lat' dir='ltr'>Philippus,</span> <span class='ocrx_word' id='word_1_336' title='bbox 1125 2004 1172 2034; x_wconf 83' lang='lat'>13.</span> <span class='ocrx_word' id='word_1_337' title='bbox 1195 1999 1322 2036; x_wconf 78' lang='lat' dir='ltr'>capitur</span> 
     </span>
     <span class='ocr_line' id='line_1_43' title="bbox 162 2034 703 2073; baseline -0.002 -9"><span class='ocrx_word' id='word_1_338' title='bbox 162 2040 194 2064; x_wconf 86' lang='lat' dir='ltr'>et</span> <span class='ocrx_word' id='word_1_339' title='bbox 209 2034 386 2073; x_wconf 87' lang='lat' dir='ltr'>diripitura</span> <span class='ocrx_word' id='word_1_340' title='bbox 401 2035 569 2070; x_wconf 79' lang='lat' dir='ltr'>Romanis,</span> <span class='ocrx_word' id='word_1_341' title='bbox 582 2045 635 2072; x_wconf 83' lang='lat'>42,</span> <span class='ocrx_word' id='word_1_342' title='bbox 651 2036 703 2072; x_wconf 85' lang='lat'>67.</span> 
     </span>
    </p>
   </div>
   <div class='ocr_carea' id='block_1_4' title="bbox 121 2076 1324 2164">
    <p class='ocr_par' dir='ltr' id='par_1_4' title="bbox 121 2076 1324 2164">
     <span class='ocr_line' id='line_1_44' title="bbox 122 2076 647 2116; baseline 0.002 -10"><span class='ocrx_word' id='word_1_343' title='bbox 122 2076 367 2116; x_wconf 79' lang='lat' dir='ltr'>Maluginensis,</span> <span class='ocrx_word' id='word_1_344' title='bbox 385 2078 452 2107; x_wconf 62' lang='lat' dir='ltr'>aid.</span> <span class='ocrx_word' id='word_1_345' title='bbox 467 2078 647 2108; x_wconf 71' lang='lat' dir='ltr'>Cornelius.</span> 
     </span>
     <span class='ocr_line' id='line_1_45' title="bbox 121 2119 1324 2164; baseline 0.006 -15"><span class='ocrx_word' id='word_1_346' title='bbox 121 2119 252 2150; x_wconf 84' lang='lat' dir='ltr'>Malus</span> <span class='ocrx_word' id='word_1_347' title='bbox 247 2130 279 2149; x_wconf 89' lang='lat' dir='ltr'>in</span> <span class='ocrx_word' id='word_1_348' title='bbox 295 2122 380 2150; x_wconf 90' lang='lat' dir='ltr'>circo</span> <span class='ocrx_word' id='word_1_349' title='bbox 397 2121 571 2151; x_wconf 81' lang='lat' dir='ltr'>instabilis</span> <span class='ocrx_word' id='word_1_350' title='bbox 566 2131 599 2151; x_wconf 92' lang='lat' dir='ltr'>in</span> <span class='ocrx_word' id='word_1_351' title='bbox 616 2122 743 2160; x_wconf 81' lang='lat' dir='ltr'>signum</span> <span class='ocrx_word' id='word_1_352' title='bbox 759 2121 925 2152; x_wconf 85' lang='lat' dir='ltr'>Pollentiae</span> <span class='ocrx_word' id='word_1_353' title='bbox 942 2123 1090 2162; x_wconf 90' lang='lat' dir='ltr'>procidit,</span> <span class='ocrx_word' id='word_1_354' title='bbox 1106 2130 1202 2164; x_wconf 89' lang='lat' dir='ltr'>atque</span> <span class='ocrx_word' id='word_1_355' title='bbox 1219 2125 1251 2156; x_wconf 88' lang='lat' dir='ltr'>id</span> <span class='ocrx_word' id='word_1_356' title='bbox 1267 2126 1324 2157; x_wconf 87' lang='lat' dir='ltr'>de-</span> 
     </span>
    </p>
   </div>
   <div class='ocr_carea' id='block_1_5' title="bbox 122 2162 838 2243">
    <p class='ocr_par' dir='ltr' id='par_1_5' title="bbox 122 2162 838 2243">
     <span class='ocr_line' id='line_1_46' title="bbox 122 2162 838 2243; baseline 0.006 -9"><span class='ocrx_word' id='word_1_357' title='bbox 122 2162 367 2240; x_wconf 48' lang='grc' dir='ltr'>Μξῐῖἑτεξέιυέ,</span> <span class='ocrx_word' id='word_1_358' title='bbox 370 2206 438 2237; x_wconf 82' lang='lat' dir='ltr'>vid.</span> <span class='ocrx_word' id='word_1_359' title='bbox 455 2207 622 2243; x_wconf 87' lang='lat' dir='ltr'>AEmilius,</span> <span class='ocrx_word' id='word_1_360' title='bbox 639 2214 669 2237; x_wconf 90' lang='lat' dir='ltr'>et</span> <span class='ocrx_word' id='word_1_361' title='bbox 683 2208 838 2239; x_wconf 76' lang='lat' dir='ltr'>Pinarius.</span> 
     </span>
    </p>
   </div>
   <div class='ocr_carea' id='block_1_6' title="bbox 124 2249 1320 2379">
    <p class='ocr_par' dir='ltr' id='par_1_6' title="bbox 124 2249 1320 2379">
     <span class='ocr_line' id='line_1_47' title="bbox 124 2249 758 2287; baseline 0.005 -8"><span class='ocrx_word' id='word_1_362' title='bbox 124 2249 310 2279; x_wconf 55' lang='lat' dir='ltr'>Mamercus</span> <span class='ocrx_word' id='word_1_363' title='bbox 326 2249 493 2287; x_wconf 83' lang='lat' dir='ltr'>AEmilius,</span> <span class='ocrx_word' id='word_1_364' title='bbox 508 2251 574 2280; x_wconf 87' lang='lat' dir='ltr'>vid.</span> <span class='ocrx_word' id='word_1_365' title='bbox 592 2251 758 2282; x_wconf 80' lang='lat' dir='ltr'>AEmilius.</span> 
     </span>
     <span class='ocr_line' id='line_1_48' title="bbox 125 2292 733 2331; baseline 0.005 -9"><span class='ocrx_word' id='word_1_366' title='bbox 125 2292 328 2327; x_wconf 79' lang='lat' dir='ltr'>Mamertini,</span> <span class='ocrx_word' id='word_1_367' title='bbox 341 2302 451 2322; x_wconf 86' lang='lat' dir='ltr'>eorum</span> <span class='ocrx_word' id='word_1_368' title='bbox 467 2294 594 2331; x_wconf 85' lang='lat' dir='ltr'>scelera,</span> <span class='ocrx_word' id='word_1_369' title='bbox 614 2296 665 2331; x_wconf 83' lang='lat'>28,</span> <span class='ocrx_word' id='word_1_370' title='bbox 683 2295 733 2325; x_wconf 90' lang='grc'>28.</span> 
     </span>
     <span class='ocr_line' id='line_1_49' title="bbox 125 2334 1320 2379; baseline 0.006 -15"><span class='ocrx_word' id='word_1_371' title='bbox 125 2335 161 2366; x_wconf 89' lang='lat' dir='ltr'>C.</span> <span class='ocrx_word' id='word_1_372' title='bbox 180 2334 348 2365; x_wconf 87' lang='lat' dir='ltr'>Mamilius</span> <span class='ocrx_word' id='word_1_373' title='bbox 365 2336 504 2373; x_wconf 85' lang='lat' dir='ltr'>Vitulus,</span> <span class='ocrx_word' id='word_1_374' title='bbox 523 2338 644 2376; x_wconf 86' lang='lat' dir='ltr'>primus</span> <span class='ocrx_word' id='word_1_375' title='bbox 661 2348 699 2368; x_wconf 88' lang='lat' dir='ltr'>ex</span> <span class='ocrx_word' id='word_1_376' title='bbox 718 2337 809 2377; x_wconf 89' lang='lat' dir='ltr'>plebe</span> <span class='ocrx_word' id='word_1_377' title='bbox 825 2337 915 2367; x_wconf 84' lang='lat' dir='ltr'>curio</span> <span class='ocrx_word' id='word_1_378' title='bbox 932 2338 1097 2368; x_wconf 81' lang='lat' dir='ltr'>maximus</span> <span class='ocrx_word' id='word_1_379' title='bbox 1113 2345 1247 2378; x_wconf 88' lang='lat' dir='ltr'>creatur,</span> <span class='ocrx_word' id='word_1_380' title='bbox 1266 2348 1320 2379; x_wconf 71' lang='lat'>27¹,</span> 
     </span>
    </p>
   </div>
   <div class='ocr_carea' id='block_1_7' title="bbox 166 2379 1321 2463">
    <p class='ocr_par' dir='ltr' id='par_1_7' title="bbox 166 2379 1321 2463">
     <span class='ocr_line' id='line_1_50' title="bbox 168 2379 1321 2421; baseline 0.006 -12"><span class='ocrx_word' id='word_1_381' title='bbox 168 2379 199 2409; x_wconf 88' lang='lat'>8.</span> <span class='ocrx_word' id='word_1_382' title='bbox 218 2385 343 2417; x_wconf 76' lang='lat' dir='ltr'>praetor‚</span> <span class='ocrx_word' id='word_1_383' title='bbox 362 2387 414 2416; x_wconf 90' lang='lat'>27,</span> <span class='ocrx_word' id='word_1_384' title='bbox 439 2387 490 2419; x_wconf 81' lang='lat'>35.</span> <span class='ocrx_word' id='word_1_385' title='bbox 516 2382 639 2410; x_wconf 76' lang='lat' dir='ltr'>sortitur</span> <span class='ocrx_word' id='word_1_386' title='bbox 661 2381 818 2416; x_wconf 51' lang='lat' dir='ltr'>Siciliam,</span> <span class='ocrx_word' id='word_1_387' title='bbox 846 2381 896 2419; x_wconf 88' lang='lat'>36.</span> <span class='ocrx_word' id='word_1_388' title='bbox 921 2388 951 2411; x_wconf 76' lang='lat' dir='ltr'>ct</span> <span class='ocrx_word' id='word_1_389' title='bbox 974 2383 1024 2420; x_wconf 85' lang='lat'>38.</span> <span class='ocrx_word' id='word_1_390' title='bbox 1040 2381 1161 2421; x_wconf 81' lang='lat' dir='ltr'>legatus</span> <span class='ocrx_word' id='word_1_391' title='bbox 1183 2384 1223 2414; x_wconf 82' lang='lat' dir='ltr'>ad</span> <span class='ocrx_word' id='word_1_392' title='bbox 1246 2384 1321 2416; x_wconf 85' lang='lat' dir='ltr'>Phi-</span> 
     </span>
     <span class='ocr_line' id='line_1_51' title="bbox 166 2421 943 2463; baseline 0.004 -12"><span class='ocrx_word' id='word_1_393' title='bbox 166 2421 307 2462; x_wconf 86' lang='lat' dir='ltr'>lippum,</span> <span class='ocrx_word' id='word_1_394' title='bbox 325 2431 379 2461; x_wconf 84' lang='lat'>30,</span> <span class='ocrx_word' id='word_1_395' title='bbox 392 2423 444 2453; x_wconf 85' lang='lat'>26.</span> <span class='ocrx_word' id='word_1_396' title='bbox 461 2423 638 2462; x_wconf 83' lang='lat' dir='ltr'>pestilentia</span> <span class='ocrx_word' id='word_1_397' title='bbox 657 2425 803 2462; x_wconf 87' lang='lat' dir='ltr'>moritur,</span> <span class='ocrx_word' id='word_1_398' title='bbox 818 2434 872 2463; x_wconf 80' lang='lat'>41,</span> <span class='ocrx_word' id='word_1_399' title='bbox 894 2426 943 2454; x_wconf 87' lang='lat'>26.</span> 
     </span>
    </p>
   </div>
  </div>
 </body>
</html>
