1572 2616
229 140 311 195 258
576 153 744 183 mom(
779 155 834 183 IN
868 155 913 183 T.
939 154 1073 184 mvn

270 232 363 262 infert
387 231 521 263 Albanis
544 232 682 271 bellurn,
702 243 753 272 23.
777 233 844 272 ejus
868 244 946 265 cum
970 234 1088 265 Mettio
1110 233 1324 273 colloquium,
1346 233 1419 264 ibid.

269 276 353 305 favet
371 275 505 306 Horatio
521 286 586 313 reo,
606 280 658 308 26.
681 279 713 307 in
732 278 843 317 proelio
860 278 1005 308 adversus
1022 278 1170 308 Veientes
1195 278 1422 316 Fidenatesque

268 318 441 348 duodecim
458 326 552 349 vovet
567 320 681 356 Salios,
701 321 837 359 fanaque
852 321 964 351 Pallori
990 330 1028 350 ac
1052 321 1173 357 Pavori‚
1192 330 1241 357 27.
1267 319 1421 359 supplicio

270 361 369 392 afficit
388 362 540 392 Mettium
563 363 604 392 ob
628 363 807 403 perfidiam,
826 364 877 393 28.
901 364 997 393 diruit
1021 363 1152 400 Albam,
1171 373 1222 401 29.
1245 364 1332 393 addit
1348 363 1421 392 Coe-

271 404 354 434 lium
372 413 519 435 montem
543 406 630 443 urbi,
654 406 762 445 ibique
784 407 898 436 deinde
921 407 1057 443 habitat,
1074 416 1124 445 30.
1148 406 1308 446 principes
1323 405 1422 435 Alba-

268 457 386 477 norum
415 448 448 478 in
474 448 590 485 Patres,
618 455 649 479 et
672 450 821 488 equitum
844 449 957 479 decem
981 456 1103 480 turmas
1121 460 1161 480 ex
1176 448 1311 479 Albanis
1332 448 1421 487 legit,

270 490 342 520 ibid.
366 490 460 521 infert
476 492 602 521 Sabinis
614 492 750 529 bellum,
763 493 877 530 eosque
895 493 1006 529 vincit,
1021 492 1092 522 ibid.
1110 492 1290 531 longinquo
1307 491 1422 521 morbo

271 533 470 573 implicatur,
490 544 540 573 31·
565 535 600 564 fit
617 535 887 574 superstitionibus
903 536 1076 572 obnoxius,
1093 535 1164 565 ibid.
1188 534 1326 565 fulmine
1342 533 1423 564 letus

269 586 347 607 curn
376 577 475 607 domo
502 577 688 617 conflagrat,
716 578 788 608 ibid.
817 580 958 617 regnavit
985 588 1086 608 annos
1113 579 1193 608 duos
1221 583 1251 607 et
1279 578 1424 617 triginta,

273 619 342 650 ibid.

224 663 295 692 Διῒ.
311 662 440 699 Tullus,
458 663 604 703 princeps
620 664 821 702 Volscorum,
840 665 969 694 infestus
991 664 1161 699 Romanis,
1179 673 1209 700 2,
1229 671 1278 703 35.
1303 661 1424 700 excipit

271 706 408 745 hospitio
426 706 586 736 Marcium
605 707 827 744 Coriolanum,
844 707 916 737 ibid.
933 708 971 737 de
988 707 1072 737 bello
1090 707 1244 737 Romanis
1260 705 1424 735 inferendo

269 750 402 788 cogitat,
420 749 493 779 ibid.
516 749 585 787 ejus
597 750 703 787 dolus,
722 758 773 790 37.
790 749 908 788 Volsci,
924 760 942 780 a
957 750 1055 780 Tullo
1070 750 1236 786 concitati,
1253 748 1423 784 deficiunt,

273 792 324 829 38.
342 799 372 821 et
388 801 402 830 3
432 814 438 822 .

226 804 582 873 Tumultus9Gallicus‚
601 845 630 873 7,
647 847 677 876 9.

227 893 272 900 -
288 878 440 915 Sabinus,
459 888 490 914 2,
508 879 560 909 26.

227 936 271 944 —
287 921 427 958 Servilis,
444 930 498 959 32,
518 922 566 952 26.

225 963 349 999 Tunes,
367 963 455 993 locus
469 974 572 1003 quum
589 964 750 1002 operibus,
765 969 836 994 tum
853 964 962 1004 suapte
977 970 1090 994 natura
1106 969 1206 998 tutuS,
1223 971 1276 1000 30,
1292 971 1322 999 9.
1339 961 1424 991 abest

272 1006 313 1036 ab
338 1007 532 1046 Carthagine
557 1007 744 1046 quindecim
771 1007 874 1038 millia
897 1008 995 1037 ferme
1019 1006 1179 1047 passuum,
1203 1005 1275 1035 ibid.
1297 1005 1426 1035 Tuneta

271 1056 410 1089 occupat
426 1050 546 1089 Scipio,
565 1050 636 1080 ibid.

228 1092 355 1122 Tunica
372 1092 527 1132 palmata,
549 1103 598 1129 10,
620 1100 648 1130 7.
670 1093 835 1124 Tunicam
858 1093 1037 1133 palmatam
1058 1091 1228 1123 Mafiniffae
1243 1091 1342 1120 donat
1359 1089 1428 1120 Sci-

272 1137 340 1174 pio,
357 1145 411 1174 30,
431 1144 479 1175 ¹5·
502 1136 568 1166 vid.
583 1143 680 1174 et31‚
702 1146 750 1166 11.

227 1193 272 1202 -—
286 1188 458 1217 purpurea,
475 1180 535 1216 regi
555 1179 694 1218 Syphaci
711 1179 796 1209 dono
815 1178 918 1215 miffa,
938 1186 991 1215 27,
1005 1188 1038 1217 4.

230 1221 369 1251 Tunicae
384 1221 596 1257 verficolores,
615 1231 645 1258 9,
663 1231 716 1260 40.

226 1263 379 1300 Tunicae,
396 1263 540 1294 militum
558 1265 702 1303 praemia,
721 1272 752 1300 7,
770 1271 822 1302 37.
850 1273 901 1301 10,
919 1272 971 1302 30.

227 1306 352 1344 Turba,
370 1307 528 1346 oppidum
544 1307 716 1346 Hispaniae,
735 1317 788 1345 33,
801 1317 856 1345 44.

230 1349 350 1379 Turbae
367 1350 408 1379 ob
425 1359 538 1385 nexos,
558 1360 589 1386 2,
608 1360 658 1389 23.
676 1357 704 1378 e!
721 1357 772 1386 27.
788 1349 853 1379 vid.
871 1349 1001 1378 Seditio.

228 1392 439 1429 Turdetania,
460 1394 512 1426 28,
533 1402 582 1433 39.
609 1402 660 1432 34,
683 1394 731 1423 16.
757 1394 788 1423 in
802 1393 1035 1423 Turdetaniam
1053 1389 1262 1430 proficiscitur
1278 1397 1354 1419 cum
1370 1397 1430 1418 ex-

271 1436 373 1465 ercitu
398 1436 431 1466 P.
449 1436 606 1471 Manlius,
628 1442 753 1475 praetor,
773 1445 825 1474 34,
847 1443 895 1472 17.
919 1441 949 1465 et
966 1435 1015 1465 Μ.
1032 1434 1161 1464 Porcius
1184 1432 1278 1470 Cato,
1302 1431 1429 1469 consul,

274 1479 397 1510 accitus
413 1488 432 1508 a
449 1478 588 1514 Manlio,
606 1486 750 1518 praetore,
769 1488 821 1518 ¹9·

226 1521 418 1557 Turdetani,
434 1521 557 1560 populi,
573 1531 625 1557 21,
643 1524 673 1552 6.
692 1521 762 1551 lites
778 1522 859 1551 inter
872 1530 924 1550 eos
941 1525 972 1550 et
987 1519 1194 1558 Saguntinos,
1210 1517 1250 1547 ab
1265 1514 1428 1546 Annibale

273 1564 360 1600 satae,
377 1563 450 1594 ibid.
475 1565 511 1593 iis
527 1571 563 1594 ut
578 1565 747 1603 Saguntini
764 1573 812 1594 res
824 1563 969 1600 reddant,
988 1561 1123 1602 postulat
1139 1559 1296 1597 Annibal,
1319 1568 1368 1589 12.
1393 1559 1427 1588 in

274 1607 464 1646 potestatem
487 1607 616 1643 redaffi,
634 1606 690 1636 sub
714 1615 833 1636 corona
857 1606 1050 1637 venduntur,
1070 1614 1122 1643 24,
1138 1614 1192 1642 42.
1215 1611 1329 1632 eorum
1351 1600 1428 1631 urbs

273 1649 390 1686 deleta,
404 1649 476 1679 ibid.
500 1659 613 1679 eorum
636 1649 763 1687 regulus
783 1649 932 1684 Artanes,
952 1649 1004 1684 28,
1026 1656 1074 1686 15.
1098 1645 1231 1684 veffigai
1254 1653 1295 1674 ex
1314 1652 1429 1673 eorum

274 1701 350 1731 agro
367 1692 535 1730 Saguntini
552 1692 698 1731 capiunt,
716 1701 767 1732 39.
791 1692 943 1721 omnium
967 1690 1187 1729 Hispanorum
1208 1687 1351 1718 maxime
1369 1687 1430 1716 irn-

275 1734 374 1764 belles
390 1734 558 1766 habentur.
577 1744 631 1774 34,
652 1742 701 1771 17.
988 1733 991 1736 ⁴

230 1777 367 1807 Turduli
385 1778 496 1813 iidem,
514 1777 569 1816 qui
584 1777 774 1814 Turdetani,
793 1777 847 1814 28,
866 1785 918 1817 39.
942 1784 996 1815 34,
1017 1781 1067 1812 17.

230 1819 417 1851 Turdulum
433 1820 572 1857 bellum,
591 1829 644 1859 34,
657 1829 707 1850 20.

231 1863 367 1893 Turmae
382 1864 545 1901 equitum,
566 1872 596 1899 1,
616 1872 668 1901 30.

231 1906 357 1935 Turma
372 1906 523 1944 equiturn
537 1905 735 1943 Placentina,
750 1915 807 1945 44,
824 1913 879 1944 40.

233 1964 277 1972 --
292 1948 473 1985 AEsernina,
491 1948 565 1978 ibid.

232 2007 278 2014 —
294 1991 437 2027 Lucana,
456 2001 510 2026 22,
526 2001 583 2030 42.

232 2034 376 2071 Turnus,
401 2043 456 2064 rex
480 2033 690 2069 Rutulorum,
713 2032 827 2062 AEneae
855 2032 1034 2068 Latinoque
1061 2028 1186 2059 bellum
1215 2027 1320 2062 infert,
1339 2035 1369 2062 1,
1397 2035 1427 2056 2.

275 2077 428 2112 vincitur,
443 2082 486 2112 et,
504 2085 582 2106 cum
600 2076 764 2106 Mezentio
776 2075 896 2113 junffls
913 2073 1044 2109 viribus,
1062 2071 1159 2101 altero
1176 2069 1288 2110 proelio
1305 2069 1431 2108 supera-

279 2125 343 2154 tur,
358 2118 429 2149 ibid.

234 2161 367 2191 Turnus
383 2161 579 2198 Herdonius,
596 2160 663 2190 vid.
682 2159 878 2189 Herdonius.

235 2204 354 2234 Turres
371 2213 552 2240 murorum,
569 2213 622 2240 21,
640 2204 670 2233 8.

234 2247 352 2277 Turres
369 2246 597 2282 contabulatae,
612 2256 667 2285 24,
683 2254 735 2283 34.

236 2289 354 2319 Turres
370 2289 526 2328 impofitae
542 2296 628 2328 tergo
643 2287 903 2327 elephantorum,
921 2292 974 2323 37,
989 2294 1043 2324 40.

236 2331 353 2362 Turres
369 2332 403 2361 in
417 2332 565 2372 operibus
580 2330 869 2372 oppugnandarum
887 2328 1030 2365 urbium,
1051 2335 1080 2368 5,
1101 2334 1131 2367 ς.
1157 2336 1209 2362 21,
1231 2335 1280 2356 ιι.
1305 2332 1359 2364 32,
1379 2331 1428 2362 ¹7·

285 2382 338 2414 33,
356 2381 405 2410 17.
