1572 2616
183 131 277 175 ,126
539 145 704 174 1NnEx
733 148 794 175 .1N
829 149 874 176 T.
897 149 1030 178 L1v11

190 222 339 254 Lebadiae
370 224 533 264 templum
561 226 650 257 Jovis
679 227 859 267 Trophonii
889 229 955 259 adit
979 228 1136 260 AEmilius
1161 228 1303 268 Paullus,
1330 238 1387 272 45,

237 274 290 304 27.

190 309 347 341 Lechaeus
363 317 486 350 portus,
504 322 557 351 32,
578 322 628 351 23.

189 353 277 384 Leffi
291 355 378 384 aerati
394 356 535 394 quando,
553 363 583 385 et
599 366 616 386 a
633 357 763 395 quibus,
781 359 922 397 primurn
938 359 1078 389 Romam
1096 358 1241 389 adveffi?
1269 368 1322 400 39,
1341 361 1371 390 6.

189 396 354 428 Lee‘ticula
370 399 402 428 in
417 400 520 428 aciem
537 399 643 429 illatus
661 401 721 430 Cn.
739 402 845 440 Scipio
861 402 1017 441 confligit,
1035 412 1088 441 24,
1105 412 1158 441 42.

189 439 431 472 lectisternium
446 443 575 481 quando
591 445 733 481 primum
750 444 922 482 Roinae„et
937 445 1193 486 quacelebritate
1206 445 1339 483 fastum,
1355 453 1387 486 5,

239 493 286 522 13.
304 485 371 516 vid.
389 491 416 514 et
434 494 464 522 7,
485 497 513 517 2.
533 494 559 515 et
577 495 628 523 27.
654 489 685 522 8,
706 496 756 527 25.
783 499 836 528 29,
857 499 906 528 14·

186 525 431 558 Le&:sternium
449 529 537 559 Caere
554 530 762 570 imperatum,
782 541 835 570 21,
854 533 907 563 62.

188 571 420 608 —Juventati,
436 571 507 603 ibid.

189 630 235 637 ·—
248 615 369 644 Junoni
388 615 530 654 Reginae,
549 627 603 653 22,
625 626 652 647 1.

189 673 235 680 —
250 658 389 688 Saturno
406 660 614 699 imperatum,
629 669 726 698 quem
739 659 861 690 lectum
875 660 1030 691 senatores
1046 661 1236 696 straverunt,
1251 659 1324 690 ibid.

190 716 234 724 ³·-
250 710 306 741 per
329 703 472 733 triduum
496 703 660 741 habiturn,
687 703 738 733 sex
765 703 945 743 pulvinaria
967 704 1002 734 in
1025 703 1197 744 conspectu
1219 704 1317 741 fuere,
1334 713 1388 744 22,

238 755 288 776 10.

190 786 324 825 Le&on,
342 790 616 828 promontorium,
638 797 690 828 37,
707 796 759 827 37.

190 830 300 871 Legati
318 833 546 863 Abderitarum
569 839 748 872 queruntur
763 832 802 862 de
817 832 950 864 avaritia
963 839 995 863 et
1009 831 1195 864 crudelitate
1210 831 1388 871 Hortensii,

232 885 289 916 43,
306 876 337 906 6·

190 933 236 941 -
253 919 366 950 Achaei
383 919 554 955 nunciant,
571 918 735 948 Nabidem
752 925 865 949 contra
879 919 982 951 foedus
1005 919 1206 950 maritimam
1223 927 1314 949 oram
1331 918 1392 948 La·

237 971 363 993 conum
381 972 580 1002 oppugnare,
601 970 654 1002 35,
674 972 724 993 22.
742 962 809 992 vid.
822 962 948 993 Achaei.

190 1019 235 1029 —
250 1006 437 1036 AEtolorum
454 1006 595 1036 Romam
613 1006 708 1042 miffi,
725 1014 839 1045 pacem
855 1011 1011 1045 petentes,
1028 1005 1082 1044 36,
1100 1012 1152 1045 35.
1174 1004 1254 1035 urbe
1276 1004 1392 1036 eodem

237 1050 300 1087 die,
327 1049 418 1079 ltalia
442 1051 524 1079 intra
541 1049 728 1088 quindecim
753 1049 832 1086 dies,
850 1049 1002 1081 excedere
1021 1049 1191 1088 jubentur,
1208 1055 1264 1088 .37,
1285 1057 1313 1080 1.
1334 1048 1391 1079 ad·

237 1094 427 1128 mittuntur,
445 1093 544 1132 iisque
560 1093 648 1132 pacis
663 1092 748 1131 leges
764 1093 891 1128 dantur,
911 1093 962 1130 38,
981 1100 1031 1122 10.
1048 1099 1079 1122 et
1097 1101 1147 1123 11.

192 1149 237 1159 --
254 1136 464 1166 Alexandrini
483 1143 659 1175 queruntur
675 1136 714 1165 de
729 1135 908 1171 Antiocho,
925 1144 983 1174 44,
1003 1145 1052 1175 19.

191 1193 235 1201 —
251 1180 498 1210 Ambracienses
513 1179 666 1208 accusant
681 1178 832 1208 Fulvium
846 1178 1061 1215 Nobiliorem,
1080 1179 1133 1216 38,
1149 1186 1204 1216 43.

193 1237 238 1243 —
253 1223 424 1252 Annibalis
440 1223 479 1252 ad
495 1221 695 1261 Philippum,
714 1230 766 1258 23,
786 1230 837 1260 34.

191 1278 237 1287 —
252 1266 409 1296 Antiochi
439 1265 594 1302 Romam,
619 1273 796 1303 eorumque
824 1263 937 1301 oratio,
964 1273 1017 1304 34,
1042 1270 1094 1304 57.
1124 1263 1166 1294 ad
1189 1262 1391 1302 Scipionem,

237 1316 292 1348 37,
311 1318 363 1348 34·
379 1315 410 1338 et
425 1318 447 1348 4
472 1330 480 1339 ·

192 1353 294 1384 —,ab
309 1352 415 1382 Ardea
439 1317 616 1391 (fueruntur
642 1351 675 1381 in
701 1350 823 1388 senatu,
841 1349 897 1380 fibi
921 1349 955 1380 in
979 1354 1093 1381 monte
1115 1348 1244 1380 Albano
1270 1348 1393 1380 Latinis

239 1404 374 1427 carnem
392 1405 458 1426 non
474 1395 533 1425 efi'e
550 1395 672 1430 datam,
689 1403 741 1432 33,
762 1403 790 1424 1.

185 1457 239 1468 ⁷——
251 1439 442 1477 Ariarathis,
459 1448 637 1476 corumque
653 1439 766 1474 oratio,
782 1447 837 1477 42,
858 1446 908 1477 19.

193 1501 239 1510 ....
253 1482 336 1512 Asiae
350 1489 382 1513 et
397 1482 544 1517 Graeciae,
560 1482 674 1512 Romae
691 1480 804 1516 auditi,
823 1489 877 1519 34,
896 1486 949 1519 57.

193 1544 238 1552 —
254 1526 502 1556 Atheniensium
519 1525 694 1564 implorant
708 1523 869 1556 auxilium
881 1523 1120 1558 Romanorum,
1138 1531 1192 1560 31,
1211 1527 1241 1561 5.

192 1569 352 1598 -Attali
377 1576 553 1608 queruntur
577 1568 616 1597 de
641 1568 801 1606 Philippo,
827 1576 927 1604 31‚2.
954 1575 1007 1604 32,
1030 1566 1060 1596 8.
1083 1574 1237 1607 coronam
1262 1572 1393 1594 auream

236 1612 418 1642 ducentum
434 1612 645 1650 quadraginta
661 1611 713 1641 sex
729 1609 837 1649 pondo
854 1610 887 1638 in
903 1607 1063 1648 Capitolio
1076 1614 1215 1645 ponunt,
1235 1616 1287 1644 32,
1304 1613 1358 1644 27.

193 1673 238 1684 --
253 1663 296 1685 ex
321 1654 507 1685 Balearibus
530 1653 638 1685 insulis
664 1662 695 1683 et
720 1652 838 1684 ultima
863 1651 1020 1692 Hispania
1044 1651 1084 1681 ad
1100 1650 1309 1690 Scipionem,
1337 1658 1391 1689 22,

240 1707 292 1729 20.

193 1760 238 1768 .-
253 1740 420 1780 Bilistagis,
438 1739 610 1778 Ilergetum
628 1738 740 1778 reguli,
756 1738 867 1768 flentes
882 1738 922 1768 ad
937 1745 1043 1777 genua
1065 1735 1196 1766 Catonis
1217 1734 1391 1776 provoluti,

237 1783 359 1813 auxrlia
375 1790 502 1822 petunt,
521 1793 575 1823 34,
597 1792 645 1812 11.

192 1846 238 1856 ...-
253 1827 422 1864 Caeritum,
439 1827 563 1856 bellum
579 1826 798 1865 deprecantes,
815 1824 988 1864 impetrant
1001 1831 1132 1862 pacem,
1151 1828 1181 1858 7,
1201 1830 1251 1853 20.

193 1889 238 1896 —-
253 1870 496 1909 Campanorum
514 1879 532 1899 a
550 1869 705 1899 Romanis
720 1868 880 1898 auxilium
895 1872 1021 1906 petunt,
1041 1873 1071 1903 7,
1091 1874 1139 1903 30.

193 1932 237 1940 -—
253 1912 580 1951 Carthaginiensium,
596 1912 773 1942 amicitiam
786 1918 819 1940 et
837 1911 1021 1941 societatem
1039 1909 1264 1939 Romanorum
1282 1912 1391 1946 peten-

239 1963 299 1992 teS,
318 1964 350 1993 7,
369 1962 421 1991 27.
445 1965 574 1985 auream
598 1964 751 1984 coronam
780 1955 902 1984 donant
926 1952 1092 1985 Romanis,
1111 1953 1161 1989 38.
1186 1950 1296 1988 legatis
1316 1949 1392 1979 Car-

237 1998 504 2038 thaginiensibus,
519 1999 573 2036 qui
589 1999 628 2028 ad
645 1998 748 2028 foedus
763 1998 853 2027 tertio
870 1996 1093 2037 renovandum
1106 2000 1270 2029 venerant,
1287 1993 1391 2022 comi-

237 2048 284 2073 ter
300 2051 435 2072 munera
452 2042 556 2076 missa,
573 2051 604 2078 9,
622 2051 675 2080 43.
699 2042 739 2070 ad
754 2039 964 2070 Asdrubalem
981 2045 1010 2068 et
1028 2037 1211 2077 Syphacem
1227 2035 1322 2072 misti,
1338 2044 1391 2076 29,

239 2095 292 2126 34.
316 2086 356 2116 ad
372 2085 536 2115 Romanos
550 2084 588 2114 de
606 2094 695 2124 pace,
712 2093 762 2122 3ο,
779 2093 831 2113 22.
849 2088 880 2112 et
896 2091 948 2121 40.
972 2081 1173 2111 frumentum
1189 2086 1220 2109 et
1233 2078 1391 2109 hordeum

239 2130 422 2167 adportant,
441 2129 492 2165 36,
509 2138 540 2168 4.
563 2134 739 2166 queruntur
755 2127 793 2159 de
810 2124 983 2160 Masinissa,
999 2134 1054 2163 42,
1074 2133 1124 2161 23.

189 2188 238 2207 .,--
253 2171 374 2202 Clusini
387 2171 547 2202 auxilium
564 2170 711 2201 adversus
729 2168 838 2199 Gallos
854 2174 981 2208 petunt,
999 2175 1031 2207 5,
1050 2175 1101 2205 33.

192 2232 238 2247 e·—
256 2215 469 2255 Epirotarum‚
486 2215 538 2252 36,
558 2223 608 2254 35.

191 2275 239 2291 μ-
256 2259 423 2294 Eumenis,
441 2264 608 2298 querentes
624 2257 662 2286 (le
677 2254 767 2285 clade
783 2252 1023 2293 Sinopensium,
1039 2261 1095 2292 40,
1110 2261 1141 2283 2.

194 2317 239 2326 —
254 2300 421 2331 Gallorum
447 2300 638 2341 pollicentur
662 2298 818 2329 Romanis
844 2295 965 2328 auxilia
987 2295 1028 2326 ad
1053 2294 1178 2328 bellum
1203 2292 1391 2324 Macedoni-

241 2353 334 2382 cum,
350 2354 407 2384 44,
428 2354 476 2385 14.
