1572 2616
216 128 270 170 88
399 153 403 156 —
562 142 726 172 mni-:x
769 143 826 171 IN
863 143 909 171 T.
933 144 1066 173 mvn

261 220 313 259 36.
330 229 407 250 cum
423 219 550 251 duobus
565 221 713 252 fratribus
729 230 853 254 creatur
868 222 1014 254 tribunus
1034 223 1190 261 militum,
1207 223 1279 254 ibid.
1295 224 1323 254 ei
1339 224 1406 254 dies

261 264 358 300 dista,
376 265 408 298 6,
431 273 458 293 1.
481 266 627 300 moritur,
644 265 715 295 ibid.

218 308 260 337 Q.
276 307 404 343 Fabius,
421 308 528 337 uxoris
543 308 583 338 T.
602 308 727 339 Quintii
745 309 918 339 Flaminini
942 309 1051 340 sororis
1073 309 1171 347 filius,
1189 308 1329 340 mittitur
1343 309 1408 340 Ro-

263 360 365 386 mam,
385 359 436 388 32,
455 352 506 389 36.

220 393 263 423 Q.
280 394 395 423 Fabius
411 393 600 430 Ambustus,
617 394 738 428 consul,
755 404 788 433 4,
807 402 857 434 52.

220 436 262 467 Q.
280 437 395 466 Fabius
410 437 600 473 Ambustus,
619 438 766 475 magister
781 439 942 476 equitum,
960 446 992 476 7,
1011 439 1061 470 28.

220 479 260 510 Q.
279 479 395 509 Fabius
410 480 600 517 Ambustus,
616 480 762 516 dictator,
781 490 812 518 9,
830 489 859 519 7.

220 523 262 553 Q.
280 523 396 553 Fabius
422 523 535 559 Buteo,
553 530 677 562 praetor,
695 523 821 553 sortitur
844 524 1034 564 Hispaniam
1056 523 1253 561 ulteriorem,
1279 533 1332 563 33,
1357 534 1409 564 24.

261 572 292 595 et
308 567 361 596 26.

221 608 263 638 G.
282 609 396 638 Fabius
413 608 526 645 Buteo,
551 616 678 648 praetor,
696 610 820 640 sortitur
835 609 975 640 Galliam
999 611 1212 650 provinciam,
1231 619 1285 649 40,
1308 612 1357 640 18.
1381 610 1408 640 ei

262 658 447 691 prorogatur
463 653 649 691 imperium,
668 653 718 691 36.
743 661 866 683 creatur
881 655 1028 684 triumvir
1042 654 1178 683 coloniae
1200 653 1410 691 deducendae,

263 705 315 734 43.
339 696 543 734 quinquevir,
562 703 596 725 ut
611 696 649 725 de
664 696 782 725 finibus
799 698 957 732 statueret,
975 697 1190 736 cognosceret,
1207 705 1258 736 45,
1280 706 1329 734 ¹3·

221 738 263 768 G.
283 738 410 774 Fabius,
426 738 563 768 Maximi
579 738 677 775 filius,
694 739 815 777 Gurges
831 739 953 778 aliquot
969 747 1142 775 matronaS‚
1159 740 1252 778 stupri
1277 739 1414 769 damna-

263 787 325 817 tas,
350 781 484 810 muIEtat
507 791 657 820 pecunia,
678 791 727 819 10,
747 792 798 820 31.
821 783 925 812 aedem
949 782 1078 812 Veneris
1102 789 1191 812 curat
1214 782 1410 819 faciendam,

265 823 337 853 ibid.
362 824 482 857 consul,
499 832 552 863 47.

224 867 265 896 Q.
285 867 399 897 Fabius
415 867 532 902 Labeo,
549 868 684 905 quaestor
707 868 860 905 urbanus,
881 877 932 906 33,
948 878 1001 906 42.
1025 868 1052 897 ei
1070 877 1228 906 magnum
1247 874 1410 897 certamen

264 919 342 939 cum
371 911 582 941 sacerdotibus
614 918 740 950 propter
767 911 921 940 tributum
951 911 1150 945 solvendum,
1182 911 1253 940 ibid.
1288 918 1412 941 creatur

265 960 391 992 praetor,
421 961 472 991 37,
496 962 548 992 47.
573 954 684 993 praeest
707 953 804 989 claffi,
832 962 882 992 52..
909 954 1023 991 trajicit
1049 955 1081 983 in
1107 954 1248 990 Cretam,
1267 954 1319 983 50.
1342 953 1412 991 ejus

265 1006 311 1025 res
329 998 360 1025 in
379 996 451 1026 Asia
467 998 572 1034 gestae,
592 997 642 1033 38,
663 1006 714 1036 39.
731 998 922 1035 triumphat,
940 1004 992 1035 47.
1010 997 1198 1026 candidatus
1217 996 1411 1033 consulatus,

266 1048 326 1068 nec
340 1039 436 1069 semel
453 1039 608 1078 repulsam
627 1040 742 1077 paflus,
763 1049 814 1079 39,
835 1049 882 1077 32.
908 1041 1055 1069 triumvir
1070 1040 1194 1069 duabus
1211 1039 1344 1070 coloniis
1360 1040 1412 1069 de-

265 1082 433 1118 ducendis,
449 1093 502 1122 44.
526 1083 649 1118 consul,
664 1090 717 1121 45.
742 1083 895 1121 pontifex,
908 1092 963 1121 40,
980 1092 1032 1121 42.

226 1125 267 1154 O.
286 1125 400 1155 Fabius
427 1126 592 1155 Maximus
617 1125 798 1161 Rullianus,
824 1126 925 1155 aedilis
949 1125 1080 1162 curulis,
1101 1126 1133 1162 8,
1155 1125 1204 1155 18.
1227 1125 1345 1155 iterum
1371 1125 1415 1154 se-

266 1169 412 1198 cundum
429 1169 583 1207 quosdam
597 1168 752 1205 memes,
769 1178 819 1203 10,
839 1179 869 1208 9.
885 1175 915 1197 et
935 1177 982 1198 11.

310 1213 456 1249 magister
471 1213 631 1250 equitum,
650 1213 681 1245 8,
700 1220 751 1248 29.
774 1211 918 1240 adversus
942 1211 1112 1250 imperium
1131 1211 1163 1241 L.
1180 1210 1294 1250 Papirii
1318 1210 1417 1240 dieta-

267 1254 342 1283 toris
360 1262 480 1293 pugnat
505 1263 581 1284 cum
602 1255 813 1291 Samnitibus,
838 1261 869 1284 et
894 1255 1034 1293 prospere
1056 1263 1124 1283 rem
1148 1255 1238 1293 gerit,
1262 1263 1312 1291 30.
1336 1263 1414 1283 con-

267 1304 388 1326 cremat
404 1307 493 1327 arma
508 1297 646 1334 hostilia,
660 1297 732 1327 ibid.
755 1298 869 1326 citatur
885 1306 903 1326 a
918 1297 1080 1333 dictatore,
1100 1306 1149 1334 32.
1173 1297 1233 1326 sese
1249 1297 1360 1336 recipit
1375 1297 1414 1326 ad

270 1341 405 1377 triarios,
428 1343 483 1379 qui
510 1350 587 1370 eum
618 1340 761 1370 dietatori
788 1341 941 1379 eripiunt,
967 1340 1036 1369 ibid.
1069 1340 1150 1379 sugit
1178 1340 1332 1377 Romam,
1363 1349 1414 1379 33.
1448 1364 1453 1368 .

268 1392 362 1412 noxae
388 1384 574 1420 damnatus,
599 1384 735 1413 donatur
761 1383 893 1422 populo,
919 1392 970 1423 35.
999 1390 1123 1413 vetatur
1150 1384 1327 1422 quicquam
1355 1392 1413 1423 pro

270 1427 452 1465 magistratu
470 1436 572 1465 agere,
591 1427 641 1464 36.
656 1435 780 1456 creatur
793 1426 912 1459 consul,
932 1428 982 1464 38.

313 1470 461 1505 interrex,
480 1479 511 1508 9,
530 1477 557 1506 7.
573 1470 718 1506 difflator,
739 1480 789 1500 22.
806 1470 891 1508 capit
908 1468 1098 1505 Saticulam,
1116 1468 1188 1498 ibid.
1204 1469 1305 1499 vincit
1321 1469 1414 1499 Sarn-

270 1512 364 1549 nites,
381 1522 432 1550 23.
451 1514 566 1542 iterum
583 1512 706 1548 consul,
723 1522 773 1551 33.
789 1512 933 1542 adversus
950 1512 1095 1541 Etruscos
1110 1511 1330 1550 proficiscitur,
1348 1512 1414 1541 eos-

269 1564 332 1592 que
356 1555 474 1592 fundit,
493 1564 543 1595 35.
561 1562 588 1583 et
601 1555 688 1596 seqq.
701 1555 801 1592 jussus
816 1564 834 1584 a
851 1555 972 1590 senatu,
997 1555 1031 1584 L.
1048 1555 1208 1592 Papirium
1233 1554 1414 1591 Cursorem,

269 1598 319 1626 cui
335 1598 464 1628 infestus
487 1599 636 1636 privatim
652 1604 729 1634 erat,
746 1597 931 1627 dit-statorem
954 1597 1043 1633 dicit,
1062 1597 1112 1635 38.
1136 1598 1177 1626 ob
1201 1598 1322 1635 egregie
1345 1607 1413 1636 per-

268 1640 425 1669 domitam
450 1641 608 1670 Etruriam
632 1641 659 1669 ei
682 1642 889 1670 continuatur
911 1640 1105 1675 consulatus,
1121 1649 1173 1679 41.
1199 1641 1299 1669 vincit
1323 1641 1416 1670 Sam·

269 1684 349 1713 nites
367 1690 397 1713 et
413 1684 565 1720 Umbros,
583 1683 653 1713 ibid.
676 1685 702 1713 ei
727 1691 911 1722 prorogatur
934 1684 1119 1722 imperium,
1136 1693 1189 1722 42.
1215 1682 1323 1712 censor
1344 1693 1416 1713 om-

269 1735 345 1756 nem
368 1727 525 1756 forensem
548 1727 675 1756 turbam
701 1727 734 1755 in
757 1734 893 1764 quatuor
917 1726 1052 1756 urbanas
1078 1726 1177 1755 tribus
1199 1725 1344 1764 conjicit,
1360 1727 1414 1766 46.

269 1768 407 1799 Maximi
433 1779 615 1809 cognomen
630 1770 658 1799 ei
673 1769 779 1805 datur,
797 1769 868 1799 ibid.
892 1769 931 1798 ab
954 1778 992 1799 eo
1015 1769 1209 1806 institutum,
1235 1776 1271 1798 ut
1294 1770 1416 1809 equites

268 1813 377 1843 ldibus
395 1813 594 1843 Quintilibus
610 1813 895 1848 transveherentur,
912 1812 984 1841 ibid.

311 1856 430 1885 invitus
446 1856 556 1886 consul
579 1863 730 1895 quartum
755 1864 890 1891 creatur,
911 1865 961 1890 10,
982 1865 1032 1894 ¹3·
1054 1855 1154 1885 vincit
1173 1855 1344 1891 Samnites,
1365 1865 1414 1893 14.

269 1898 472 1928 consulatum
501 1899 632 1933 recusat,
665 1908 712 1937 15.
744 1899 855 1928 consul
883 1900 1048 1937 quintum,
1078 1909 1125 1929 22.
1156 1899 1223 1935 ejus
1251 1906 1414 1927 certamen

269 1950 346 1970 curn
361 1941 394 1971 P.
409 1942 511 1971 Decio
523 1941 645 1980 collega
660 1942 698 1970 de
715 1942 899 1980 provinciis,
916 1952 966 1980 24.
979 1942 1102 1981 egregia
1117 1941 1184 1978 ejus
1201 1942 1232 1970 iu
1249 1950 1324 1979 agro
1337 1942 1416 1970 Sen-

271 1985 361 2014 tinati
380 1984 522 2020 vietoria,
541 1994 592 2020 27.
606 1992 636 2013 et
655 1993 706 2022 29.
724 1985 914 2023 triumphat,
934 1993 984 2022 30.

228 2027 268 2056 O.
286 2027 401 2057 Fabius
416 2027 583 2057 Maximus
599 2027 801 2063 Verrucosus,
816 2027 937 2065 legatus
953 2027 1180 2065 Carthaginem
1198 2026 1347 2061 mittitur,
1360 2035 1413 2062 21,

272 2070 322 2099 18.
345 2070 535 2109 prodi&ator
549 2076 685 2107 creatur,
703 2080 753 2103 22,
771 2072 801 2100 8.
823 2069 920 2099 libros
936 2069 1107 2109 Sibyllinos
1130 2067 1240 2107 inspici
1265 2068 1414 2106 postulat,

271 2112 366 2151 idque
388 2113 555 2152 pervincit,
573 2124 602 2153 9.
626 2112 694 2151 ejus
716 2112 846 2142 consilia
861 2113 900 2141 de
920 2111 1004 2140 bello
1027 2111 1176 2149 gerendo,
1198 2119 1246 2140 11.
1270 2120 1415 2150 pugnam

269 2155 432 2192 demetat,
453 2167 502 2187 12.
525 2157 592 2194 ejus
608 2162 700 2192 artes,
718 2155 788 2184 ibid.
805 2156 990 2194 magistrum
1007 2155 1154 2192 equitum
1169 2153 1317 2184 infestum
1335 2155 1416 2184 sanis

269 2198 407 2229 consiliis
431 2200 539 2235 habet,
555 2198 624 2228 ibid.
641 2206 668 2227 er
689 2207 737 2236 14.
761 2197 829 2235 ejus
845 2197 1005 2227 cunGtatio
1021 2205 1050 2226 et
1067 2197 1098 2225 in
1121 2197 1225 2225 castris
1241 2204 1272 2226 et
1288 2197 1320 2226 in
1337 2197 1416 2227 urbe

269 2241 410 2278 infamis,
431 2250 480 2282 15.
503 2242 543 2271 ab
558 2241 719 2271 Annibale
741 2241 913 2276 deluditur,
936 2241 984 2269 16.
1001 2245 1031 2269 et
1051 2247 1099 2276 17.
1124 2239 1284 2269 sacrorum
1310 2239 1416 2270 caussa

268 2283 410 2314 Romam
426 2292 566 2318 vocatur,
587 2285 635 2314 18.
659 2283 849 2314 inviolatum
866 2283 905 2312 ab
922 2282 1082 2313 Annibale
1099 2292 1211 2321 agrum
1228 2282 1320 2313 suum
1336 2292 1416 2312 ven-

268 2327 314 2356 dit
329 2329 463 2366 captivis
478 2327 681 2364 redimendis,
699 2336 749 2365 23.
773 2336 810 2356 eo
826 2326 965 2362 absente,
983 2326 1149 2355 Minucius
1173 2334 1240 2355 rem
1263 2335 1329 2354 non
1355 2326 1416 2355 im-

270 2370 413 2410 prospere
426 2372 517 2410 gerit‚
532 2381 583 2411 24.
607 2369 662 2409 ipsi
679 2377 823 2410 aequatur
838 2370 984 2413 magister
998 2370 1159 2409 equitum,
1179 2376 1229 2409 25.
1247 2374 1278 2398 et
1294 2369 1346 2399 26.
1362 2367 1414 2398 cui
