1572 2616
250 162 329 204 108
669 174 1008 208 ROMANORU'M

572 322 848 364 CASSIA
894 322 1108 367 GENS.

286 521 345 552 SP.
363 521 538 552 CASSIUS
556 521 878 554 *VISCELLINUS
926 524 1043 555 Consul
1064 533 1140 554 cum
1158 524 1220 564 Op.
1236 525 1394 565 Virginios

288 574 375 595 anno
393 573 465 604 251.
489 565 697 596 Cassiodorus.
723 567 857 597 Sabinos
875 568 987 606 proelio
1004 569 1091 603 vicit,
1108 569 1211 606 deque
1229 569 1264 599 iis
1281 571 1396 600 trium-

282 609 404 649 phavit.
432 618 616 638 MAorsTrzn
635 619 801 644 murrum
822 621 959 641 prunus
980 612 1021 641 T.
1035 612 1140 641 Lartio
1156 611 1318 646 diffiatore,
1335 622 1395 642 an·

286 661 331 682 no
348 660 422 691 255.
447 652 617 692 Dionysm's
633 652 690 683 lib.
702 663 732 682 v.
758 653 865 683 Livius
881 654 981 685 lib.i'1.
1007 653 1122 684 Consul
1138 664 1180 690 11,
1195 664 1272 685 cum
1288 656 1396 685 Postu-

286 702 343 724 mo
360 695 521 728 Cominio,
536 705 622 725 anno
638 698 710 726 260.
735 696 943 727 Cassiodorus.
963 698 1080 727 Livius.
1095 697 1267 737 Dionysius
1283 697 1337 728 lib.
1350 698 1395 728 vi.

285 737 347 768 His
363 747 444 768 coss:
459 739 562 768 soedus
579 748 656 768 cum
676 740 795 769 Latinis
818 741 918 770 ifflum
943 741 1054 770 Cicero
1078 750 1133 779 pro
1157 741 1257 771 Balbo
1277 741 1395 772 scribit.

285 781 405 811 Consul
423 792 482 817 111,
499 792 577 811 cum
594 783 728 812 Proculo
745 783 901 822 Virginio‚
919 793 1006 813 anno
1025 785 1096 820 267.
1121 783 1251 814 Volscos
1266 791 1296 814 et
1313 784 1394 814 Her-

286 825 377 855 nicos
394 825 424 854 in
444 826 623 855 amicitiam
641 826 752 865 populi
769 827 865 856 Rom.
885 827 1047 856 traduxit:
1072 827 1293 866 trIumphavit.
1339 829 1396 857 Le-

286 877 358 906 gem
377 869 531 906 agrariam
549 869 588 898 ad
608 869 846 899 conciliandam
871 870 998 909 plebem
1022 870 1142 908 primus
1167 870 1394 909 promulgavit.

283 912 315 941 A
341 912 549 949 quaestoribus
575 912 672 942 Fabio
699 919 729 941 et
755 913 882 943 Valerio
908 913 1042 942 affefitati
1069 913 1193 951 imperii
1217 915 1394 951 accusatus,

282 954 469 991 dammum,
489 956 526 984 de
544 955 617 984 saxo
632 956 770 994 Tarpeio
785 957 999 995 praecipitatus
1015 957 1069 985 est.
1116 955 1178 985 Alii
1197 962 1319 1005 patrem
1335 966 1393 987 au-

285 997 406 1027 &orem
424 998 492 1035 ejus
509 998 653 1037 supplicii
671 999 760 1028 fuiffe
776 1000 972 1029 existimant.
995 999 1166 1038 Dionysius
1182 998 1237 1029 lib
1253 1000 1318 1029 viii.
1343 1000 1396 1030 Li-

285 1042 356 1070 vius
373 1041 453 1071 libro
471 1042 501 1070 ii.
537 1042 649 1071 Cicero
672 1043 872 1082 Philippica
868 1043 900 1073 ii.
935 1042 1078 1072 Valerius
1096 1042 1148 1071 sabi
1167 1042 1222 1081 ipfi
1241 1052 1306 1072 non
1323 1043 1395 1073 satis

287 1085 411 1114 constas
414 1085 579 1115 evidetur.
618 1085 705 1115 Nam
723 1085 778 1116 lib.
795 1087 836 1115 vi.
857 1095 885 1124 3.
902 1095 920 1115 a
937 1086 1044 1115 senatu
1069 1077 1099 1114 &t
1122 1085 1265 1124 populo:
1290 1086 1346 1116 lib.
1363 1096 1394 1116 v.

287 1128 317 1157 8.
335 1137 352 1156 a
370 1135 457 1166 patre
472 1128 667 1158 damnatum
683 1128 796 1158 tradit.
822 1139 886 1167 quo
910 1130 941 1158 in
965 1128 1038 1157 loco
1053 1129 1150 1157 etiam
1168 1130 1201 1158 in
1219 1129 1282 1158 hoc
1298 1135 1392 1166 errat,

285 1171 372 1209 quod
395 1171 563 1201 tribunum
587 1172 630 1210 pl.
648 1172 802 1210 agrariam
828 1171 931 1209 legem
956 1170 1058 1200 tulisse
1080 1171 1197 1200 scribit.
1242 1172 1394 1202 PatrICius

286 1215 376 1243 enim
390 1214 462 1250 fuit,
481 1221 512 1243 et
528 1214 659 1252 quidem
677 1223 742 1244 cos.
767 1212 939 1255 Dionysio}
952 1215 1042 1243 Livio
1056 1213 1249 1244 aucloribus.

244 1317 327 1337 rUIT
346 1317 428 1337 SINE
448 1317 739 1339 MAGisTRATJBUs
757 1318 870 1339 CASSIA
888 1318 989 1346 GENS,
1004 1317 1119 1338 ANNOS
1135 1318 1215 1338 PLUS
1234 1318 1349 1339 MINUS
1363 1318 1436 1348 339.

242 1381 285 1411 Q,
315 1381 491 1411 CASSIUS
520 1381 554 1412 L.
585 1382 618 1411 F.
649 1382 691 1412 Q.
720 1382 763 1412 N.
851 1382 887 1412 C.
912 1381 1086 1412 CASSIUS
1110 1381 1146 1412 C.
1167 1381 1201 1411 F.
1218 1380 1254 1410 C.
1271 1380 1314 1410 N.
1333 1380 1438 1411 LON—

244 1434 445 1454 Loncium.
505 1425 633 1461 Praetor,
675 1435 762 1455 anno
851 1435 976 1455 ornus.
1021 1424 1138 1454 Consul
1151 1433 1229 1453 cum
1247 1423 1279 1454 P.
1297 1424 1435 1461 Licinio,

242 1468 316 1507 586.
347 1468 455 1498 Livius
470 1467 526 1497 lib.
544 1468 611 1498 xlv.
644 1468 762 1498 Consul
849 1477 936 1498 anno
955 1469 1027 1508 582.
1056 1466 1265 1497 Caffiodorus.
1296 1467 1437 1497 Galliam

243 1520 320 1540 cum
347 1512 385 1540 A.
409 1510 548 1548 Manlio,
577 1521 663 1541 anno
688 1513 762 1551 589.
849 1512 1048 1551 provinciam
1077 1511 1213 1545 sortitus,
1242 1511 1275 1540 in
1301 1519 1338 1540 ea
1367 1519 1436 1540 me-

849 1554 1003 1584 motabile
1031 1553 1111 1583 nihil
1138 1553 1244 1592 geffit:
1270 1559 1302 1582 et
1330 1562 1434 1592 quum

243 1554 455 1584 Caffiodorus.
501 1554 540 1584 In
578 1555 761 1593 magistratu

243 1605 392 1627 mortuus
407 1598 461 1627 est.

494 1640 508 1669 1

242 1683 278 1712 L.
303 1682 478 1713 CASSIUS
513 1682 553 1712 Ο.
585 1683 620 1713 F.
651 1682 686 1712 L.
715 1681 760 1713 N.

243 1735 443 1756 monemus.
467 1725 632 1756 Tribunus
646 1725 689 1764 pl.
705 1735 761 1755 an-

241 1778 286 1798 no
304 1770 377 1800 616.
403 1769 515 1799 Cicero
532 1769 564 1798 in
586 1769 705 1798 Bruto:
730 1775 762 1799 et

243 1811 388 1843 Lucullo.
411 1811 530 1842 Consul
545 1821 620 1841 cum
636 1812 670 1842 L.
685 1812 762 1842 Cin-

241 1865 296 1892 na,
321 1863 408 1885 anno
430 1856 507 1886 626.
550 1854 760 1886 Caffiodorus.

849 1597 882 1626 in
898 1597 1126 1626 Macedoniam
1149 1596 1290 1625 alienam
1307 1596 1436 1634 provin-

849 1641 933 1669 ciam
949 1640 1127 1669 exercitum
1144 1639 1293 1677 duxisset,
1310 1648 1328 1668 a
1346 1639 1436 1669 sena-

848 1689 882 1712 tu
899 1689 1064 1713 revocatus
1080 1683 1134 1712 est.
1170 1682 1278 1711 Livius
1293 1681 1348 1712 lib.
1365 1681 1436 1712 xlii.

849 1726 966 1755 Censor
993 1735 1071 1755 cum
1103 1725 1151 1754 M.
1180 1724 1318 1762 Valerio,
1348 1734 1435 1754 anno

850 1777 923 1810 599.
947 1769 1058 1799 Cicero
1074 1768 1256 1841 proldomo.

849 1855 887 1885 C.
910 1854 1087 1885 CASSIUS
1110 1853 1146 1884 C.
1165 1853 1200 1884 F.
1217 1853 1253 1883 C.
1269 1853 1314 1884 N.
1330 1853 1435 1883 LON-

849 1907 974 1928 GINUS.
1006 1898 1078 1927 Cos.
1095 1905 1172 1926 cum
1189 1897 1226 1926 C.
1243 1896 1363 1933 Sextio,
1380 1906 1434 1926 an.

848 1942 921 1981 629.
938 1940 1072 1971 Caffiod.
1087 1941 1285 1979 obsequens.
1302 1939 1434 1979 Eutrop.

239 2027 275 2056 L.
299 2026 475 2056 CASSlUS
493 2027 528 2056 L.
547 2027 581 2056 F.
598 2026 640 2057 Q.
656 2026 699 2056 N.
717 2026 869 2056 LONGI-
958 2026 994 2057 C.
1019 2025 1193 2056 CASSIUS
1217 2025 1252 2054 L.
1278 2025 1311 2054 F.
1331 2025 1371 2054 Θ.
1388 2024 1434 2056 N.

242 2079 322 2100 NUS.
370 2070 497 2106 Praetor,
522 2078 608 2098 anno
634 2072 706 2108 642.
752 2069 871 2099 Consul
960 2078 1159 2099 LONGINUS.
1205 2067 1323 2098 Consul
1355 2077 1434 2098 cum

240 2122 316 2143 cum
335 2112 371 2142 C.
390 2113 508 2148 Mario,
531 2121 619 2141 anno
635 2113 708 2152 646.
755 2112 872 2142 Caffio-
960 2112 1021 2142 Cn.
1051 2111 1210 2148 Domitio,
1239 2120 1326 2140 anno
1357 2112 1432 2150 657.

240 2156 349 2185 dorus.
395 2155 432 2184 In
457 2155 640 2193 magistratu
667 2164 687 2184 a
707 2155 872 2194 Tigurinis
961 2155 1020 2184 His
1034 2163 1114 2184 0038.
1133 2153 1321 2184 Ptolemaeus
1336 2154 1434 2193 Cyre-

239 2197 435 2233 interfefi‘tus,
462 2198 621 2227 exercitus
646 2197 713 2235 ejus
742 2198 797 2228 sub
821 2198 874 2235 ju-
961 2207 1078 2228 narum
1102 2207 1157 2227 rex
1173 2204 1332 2234 mortuus,
1349 2197 1382 2226 S.
1398 2196 1434 2227 P.

238 2250 318 2280 gum
336 2240 457 2270 missus.
500 2241 650 2280 Epitoma
665 2241 731 2272 lxv.
770 2241 873 2271 Caesar
962 2241 1001 2270 G.
1034 2240 1073 2270 R.
1105 2240 1265 2270 haeredem
1296 2239 1433 2279 reliquit.

240 2284 280 2314 de
296 2283 380 2313 bello
397 2283 537 2321 Gallico,
552 2283 607 2313 lib.
624 2284 646 2313 i.
959 2283 1169 2314 Caffiodorus.
1462 2283 1465 2285 ’

240 2369 277 2399 C.
295 2369 471 2398 CASSIUS
490 2370 524 2399 L.
541 2369 575 2399 F.
593 2369 627 2398 L.
643 2369 687 2398 N.
703 2369 857 2399 VARUS.
881 2368 998 2399 Consul
1016 2378 1094 2398 cum
1109 2369 1156 2398 M.
1169 2368 1332 2406 Terentio,
1346 2376 1432 2397 anno

241 2413 316 2443 680.
340 2411 552 2442 Caffiodorus.
578 2412 731 2442 Meminit
748 2412 860 2442 Cicero
874 2412 1097 2442 Accusationis
1113 2413 1228 2451 primo.

239 1898 358 1928 Censor
374 1907 450 1928 cum
467 1898 526 1928 Cn.
542 1897 688 1935 Servilio,
703 1906 760 1928 an-

239 1950 283 1971 no
300 1941 374 1972 628.
399 1941 582 1970 Frontinus.
