1572 2616
224 138 304 180 140

221 260 265 292 Ἐ
290 261 315 291 L
338 261 352 292 1
377 261 391 292 1

222 304 345 336 P-AE.T
362 305 388 336 1.

484 261 517 292 Ρ.
545 261 686 292 AELIUS
720 263 917 293 *PAETUS.

483 306 529 335 rio
545 315 626 336 coss.
650 306 757 336 Livius
772 306 852 336 libro
868 308 909 337 iv.

657 140 998 170 ROMANORUM

977 262 1137 303 Quaestor,
1161 263 1322 305 Cornelio,
1353 266 1418 298 Fu·

935 349 949 379 1

477 391 512 422 P.
539 391 679 422 AELIUS
709 392 743 422 P.
772 393 807 423 F.
858 393 902 423 N.
926 392 1089 423 PAETUS.
1136 394 1253 425 Consul
1276 404 1355 426 cum
1378 395 1416 426 C.

479 435 635 475 Sulpicio,
659 445 745 465 armo
768 437 844 475 416.
890 436 1100 467 Caffiodorus.
1145 437 1258 468 Livius.
1275 439 1330 469 lib.
1350 439 1418 469 viii.

477 479 637 510 Diodorus
653 478 708 511 lib.
723 480 800 511 xvii.
824 479 986 519 Papirium
1005 489 1175 520 perperam
1187 481 1338 522 appellat.
1398 488 1402 491 *

939 523 951 553 1

479 565 513 595 P.
537 564 680 595 AELIUS
706 564 739 595 P.
757 564 791 595 F.
815 565 851 595 P.
872 565 916 596 N.
933 566 1097 597 PAETUS.
1142 568 1266 606 Augur.
1311 567 1420 598 Livius

478 617 511 638 x.
547 608 697 647 Magister
711 617 759 647 eq.
780 608 821 638 Θ.
839 608 937 638 Fabio
960 610 1125 647 difflatore‚
1142 620 1230 640 anno
1245 620 1320 649 432.
1367 611 1418 640 Li-

476 651 548 681 vius
562 651 618 682 lib.
636 652 680 681 ix.
705 651 904 691 Quanquam
919 653 1072 683 Aimilius
1088 653 1130 683 ibi
1147 663 1204 693 pro
1219 653 1307 684 AElio
1323 663 1417 684 men-

477 694 550 724 dose
564 693 779 731 librariorum,
798 696 925 734 opinor,
939 696 1016 725 vitio
1029 696 1156 736 legitur.

937 738 951 768 1

479 779 522 810 Q.
538 779 679 810 AELlUS
698 781 730 810 P.
750 781 784 811 F.
802 780 835 812 P.
853 781 895 811 N.
914 781 1079 814 PAETUS.
1123 781 1244 813 Consu}
1266 791 1342 813 cum
1367 782 1415 814 M.

478 822 627 861 Valerio,-
636 832 724 856 anno
733 825 779 863 46
787 832 814 861 7.
837 823 1046 855 Caffiodorus.

749 910 876 944 r-uxe.

215 952 254 985 1.
280 951 422 983 AELIUS
449 951 489 982 Q.
514 951 549 982 F.
575 951 610 982 Ρ.
636 952 680 982 N.
703 952 786 983 1³AE-

219 1004 301 1027 τυς.
336 995 451 1026 AEdilis
467 995 579 1034 plebis.
625 995 733 1026 Livius
750 995 786 1026 li·

218 1039 278 1070 bro
303 1040 395 1071 xxix.
440 1038 570 1074 Praetor,
598 1047 684 1068 anno
712 1046 786 1079 550.

219 1083 328 1114 Livius
357 1091 436 1113 xxx.
489 1081 639 1120 Magister
665 1091 717 1120 eq.
748 1082 786 1112 C.

218 1125 352 1157 Servilio
389 1124 553 1161 ᾱίξίειῑοῐε,
588 1133 675 1154 anno
712 1132 785 1164 551.

219 1169 328 1200 Livius
350 1167 431 1198 libro
447 1178 526 1197 xxx.
572 1166 690 1196 Consul
707 1176 785 1198 curn

218 1212 280 1243 Cn.
309 1210 470 1247 Cornelio,
494 1219 581 1239 anno
606 1218 680 1249 552.
725 1210 785 1240 His

216 1264 300 1285 coss.
316 1264 379 1294 pax
402 1252 716 1292 Carthaginienfibus
731 1253 786 1282 da-

216 1304 261 1328 ta.
291 1297 397 1328 Livius
412 1297 536 1326 eodem.
568 1296 736 1334 Appianus
753 1296 785 1325 in

218 1341 357 1371 Punicis.
395 1339 549 1370 Meminit
563 1338 684 1368 Plinius
706 1337 786 1368 libro

217 1383 308 1416 xviii.
325 1393 396 1422 cap.
417 1385 466 1413 18.
504 1380 632 1412 Orofius
646 1381 727 1411 libro
743 1381 786 1412 iv.

218 1436 292 1466 cap.
311 1436 360 1466 19.
395 1425 512 1456 Censor
528 1434 604 1454 cum
617 1424 650 1453 P.
667 1423 786 1454 Corne-

217 1469 277 1507 lio,
315 1479 402 1499 anno
441 1476 514 1508 554.
559 1467 667 1497 Livius
705 1466 786 1497 libro

218 1512 325 1544 xxxii.
368 1512 558 1543 Plutarchus
574 1511 607 1540 in
621 1510 786 1540 Africano.

218 1556 337 1588 Praetor
357 1565 400 1592 11,
417 1563 503 1584 anno
520 1555 596 1593 576.
626 1553 732 1582 Livius
748 1552 786 1581 li-

219 1599 278 1629 bro
304 1597 361 1628 xli.
407 1597 560 1628 Meminit
588 1596 785 1634 Pomponius

219 1642 254 1673 in
270 1641 364 1671 titulo
381 1641 419 1671 de
432 1640 563 1678 Origine
574 1638 666 1676 juris.

220 1728 263 1759 Θ.
289 1725 431 1758 AELIUS
455 1726 488 1755 P.
514 1725 547 1755 F.
574 1724 615 1754 Q.
638 1724 681 1754 N.
704 1722 785 1753 PAE-

220 1779 300 1801 Tus.
347 1770 481 1808 Legatus
497 1765 599 1799 Paulli
614 1766 700 1796 bello
715 1767 786 1796 Ma-

219 1814 385 1844 cedonico.
431 1812 538 1841 Livius
582 1809 664 1840 libro
707 1808 785 1838 xliv.

217 1856 407 1887 Plutarchus
437 1856 470 1884 in
500 1852 622 1885 Paullo.
667 1851 785 1882 Consul

218 1909 297 1930 cum
314 1899 362 1928 M.
376 1898 486 1934 Junio,
517 1905 604 1926 anno
620 1895 694 1933 586.
736 1895 785 1923 Li-

215 1943 286 1972 vius
302 1941 383 1972 libro
396 1940 459 1970 xlv.
483 1939 692 1969 Caffiodorus.
718 1937 786 1966 Me-

218 1985 315 2016 minit
337 1984 448 2014 Cicero
467 1983 497 2012 in
517 1983 615 2012 Bruto
636 1988 667 2010 et
691 1981 786 2010 Cato-

218 2037 272 2064 ne,
300 2034 331 2057 et
356 2026 461 2056 Julius
488 2025 695 2063 Obsequens:
733 2022 784 2052 sed

216 2071 260 2100 ibi
288 2070 457 2109 depravata
481 2068 552 2098 sunt
574 2077 655 2097 coss.
679 2066 785 2095 nomi·

218 2123 272 2144 na.
319 2113 462 2142 Valerius
485 2119 613 2150 quoque
637 2109 717 2139 libro
741 2108 782 2138 iv.

217 2166 289 2196 cap.
317 2165 346 2194 3.
369 2162 399 2185 et
424 2165 455 2194 4.
499 2153 600 2184 Paulli
625 2151 725 2181 filiam
750 2152 782 2180 in

219 2199 427 2230 matrimonio
444 2197 565 2228 habuit.
594 2195 783 2225 Plutarchus

217 2242 251 2273 in
268 2241 389 2272 Paullo.
592 2243 608 2258 ’ς’

854 953 945 984 SEX.
961 953 1103 985 AELIUS
1121 953 1164 984 Q.
1180 953 1215 984 F.
1228 953 1261 985 P.
1280 953 1324 984 N.
1336 953 1419 984 PAE-

854 1005 923 1027 'rus
940 1005 1065 1029 cirrus.
1082 997 1155 1027 Cos.
1169 1006 1246 1027 cum
1258 997 1299 1027 T.
1314 997 1419 1027 Ouin-

852 1039 926 1074 aio,
939 1049 1027 1070 anno
1038 1048 1111 1080 555.
1127 1040 1233 1070 Livius
1247 1039 1303 1070 lib.
1317 1040 1427 1073 xxxii.

852 1082 1041 1113 Plutarchus
1060 1084 1091 1112 in
1109 1082 1280 1113 Flaminio.
1303 1083 1422 1113 Censor

854 1135 932 1156 cum
961 1126 998 1156 C.
1027 1125 1189 1163 Cornelio,
1227 1135 1315 1155 anno
1345 1133 1421 1166 559.

854 1168 961 1198 Livius
982 1168 1037 1198 lib.
1054 1170 1167 1198 xxxiv.
1211 1168 1368 1198 Asconius
1385 1169 1419 1198 in

854 1210 1092 1241 Cornelianam.
1123 1211 1186 1240 Hic
1203 1210 1304 1240 civilis
1321 1211 1421 1240 scien-

852 1253 905 1283 tiae
928 1254 1080 1284 omnium
1103 1253 1305 1292 peritiffirnus
1327 1253 1422 1283 habi-

853 1302 903 1326 tus
917 1297 975 1332 est,
993 1296 1034 1326 ob
1050 1306 1187 1335 eamque
1209 1295 1338 1325 causam
1360 1296 1422 1326 Ca-

853 1345 904 1368 tus
940 1339 981 1368 ab
1019 1339 1125 1368 Ennio
1156 1339 1199 1368 est
1230 1338 1420 1378 appellatus.

853 1381 964 1411 Cicero
991 1381 1024 1411 in
1047 1382 1157 1418 Bruto,
1183 1380 1264 1411 libro
1284 1382 1322 1411 de
1341 1381 1423 1411 Ora-

853 1430 920 1454 tore
947 1425 1065 1463 primo,
1091 1423 1274 1454 Tusculana
1303 1424 1421 1463 prima,

853 1474 884 1497 et
907 1467 1042 1503 Catone,
1066 1467 1121 1497 ubi
1145 1476 1201 1506 pro
1224 1467 1298 1496 Sex.
1314 1467 1419 1497 Aimi-

852 1509 909 1546 lio,
924 1510 1012 1540 AElio
1031 1510 1252 1549 reponendum
1275 1510 1418 1540 arbitror.

853 1552 951 1582 Varro
973 1552 1029 1583 lib.
1052 1553 1092 1582 de
1113 1552 1225 1591 lingua
1248 1552 1360 1582 Latina
1376 1553 1419 1583 vi.

852 1595 1050 1634 Pomponius
1088 1595 1182 1625 titulo
1219 1595 1258 1624 de
1286 1595 1418 1634 Origine

848 1647 939 1676 juris.

852 1723 886 1753 P.
903 1722 1044 1753 AELIUS
1067 1723 1100 1753 P.
1117 1723 1151 1753 F.
1168 1723 1201 1752 P.
1218 1722 1260 1753 N.
1279 1722 1419 1753 LlGUS.

852 1765 971 1795 Consul
995 1775 1072 1796 cum
1100 1766 1136 1796 C.
1160 1765 1308 1804 Popillio,
1331 1775 1420 1795 anno

854 1810 928 1848 581.
952 1809 1059 1838 Livius
1075 1808 1155 1838 libro
1171 1808 1239 1838 xlii.

854 1893 888 1923 L.
905 1894 1045 1924 AELIUS
1070 1894 1104 1924 P.
1127 1893 1162 1923 F.
1205 1893 1248 1923 N.
1266 1892 1418 1922 LAMIA.

853 1937 970 1966 Consul
994 1946 1071 1966 cum
1099 1936 1147 1966 M.
1164 1936 1307 1971 Servilio,
1332 1945 1418 1965 anno

855 1987 926 2020 754.
959 1979 1168 2010 Caffiodorus.
1202 1978 1265 2008 Dio
1280 1978 1360 2007 libro
1377 1978 1420 2007 lv.

851 2065 943 2095 SEX.
968 2064 1109 2095 AELIUS
1135 2063 1175 2093 Θ.
1201 2063 1235 2092 F.
1263 2063 1328 2092 *N.
1345 2063 1417 2092 CA-

851 2117 930 2138 τυς.
955 2108 1027 2137 Cos.
1047 2116 1122 2136 cum
1142 2107 1178 2136 C.
1193 2106 1314 2141 Sentio,
1331 2115 1419 2134 anno

852 2152 926 2189 756.
963 2149 1173 2180 Caffiodorus.
1211 2148 1274 2178 Dio
1299 2148 1353 2177 lib.
1373 2147 1415 2176 lv.

848 2193 968 2223 Au6tor
984 2193 1036 2223 hic
1054 2193 1114 2222 fuit
1133 2191 1210 2231 legis
1226 2191 1321 2221 AEliae
1339 2191 1421 2220 Seu-

849 2242 914 2267 trae.
