<?xml version="1.0" encoding="UTF-8"?>
<!DOCTYPE html PUBLIC "-//W3C//DTD XHTML 1.0 Transitional//EN"
    "http://www.w3.org/TR/xhtml1/DTD/xhtml1-transitional.dtd">
<html xmlns="http://www.w3.org/1999/xhtml" xml:lang="en" lang="en">
 <head>
  <title>
</title>
<meta http-equiv="Content-Type" content="text/html;charset=utf-8" />
  <meta name='ocr-system' content='tesseract 3.04.00' />
  <meta name='ocr-capabilities' content='ocr_page ocr_carea ocr_par ocr_line ocrx_word'/>
</head>
<body>
  <div class='ocr_page' id='page_1' title='image "./historiarumquaes05livyuoft_0260.png"; bbox 0 0 1572 2616; ppageno 0'>
   <div class='ocr_carea' id='block_1_1' title="bbox 236 172 1074 216">
    <p class='ocr_par' dir='ltr' id='par_1_1' title="bbox 236 172 1074 216">
     <span class='ocr_line' id='line_1_1' title="bbox 236 172 1074 216; baseline -0.004 -11"><span class='ocrx_word' id='word_1_1' title='bbox 236 172 319 216; x_wconf 75' lang='lat'>240</span> <span class='ocrx_word' id='word_1_2' title='bbox 583 173 747 202; x_wconf 82' lang='lat' dir='ltr'>INDEX</span> <span class='ocrx_word' id='word_1_3' title='bbox 782 173 838 202; x_wconf 79' lang='lat' dir='ltr'>IN</span> <span class='ocrx_word' id='word_1_4' title='bbox 870 173 915 201; x_wconf 82' lang='lat' dir='ltr'>T.</span> <span class='ocrx_word' id='word_1_5' title='bbox 940 172 1074 203; x_wconf 76' lang='lat' dir='ltr'>mvn</span> 
     </span>
    </p>
   </div>
   <div class='ocr_carea' id='block_1_2' title="bbox 233 251 1417 337">
    <p class='ocr_par' dir='ltr' id='par_1_2' title="bbox 233 251 1417 337">
     <span class='ocr_line' id='line_1_2' title="bbox 237 251 693 293; baseline -0.009 -7"><span class='ocrx_word' id='word_1_6' title='bbox 237 254 366 291; x_wconf 80' lang='lat' dir='ltr'>Sulmo,</span> <span class='ocrx_word' id='word_1_7' title='bbox 382 251 551 293; x_wconf 88' lang='lat' dir='ltr'>oppidum,</span> <span class='ocrx_word' id='word_1_8' title='bbox 570 252 622 289; x_wconf 91' lang='lat'>26,</span> <span class='ocrx_word' id='word_1_9' title='bbox 644 262 693 282; x_wconf 83' lang='lat' dir='ltr'>ir.</span> 
     </span>
     <span class='ocr_line' id='line_1_3' title="bbox 233 294 1417 337; baseline -0.004 -8"><span class='ocrx_word' id='word_1_10' title='bbox 233 298 388 337; x_wconf 85' lang='lat' dir='ltr'>Sulpicia,</span> <span class='ocrx_word' id='word_1_11' title='bbox 410 296 513 335; x_wconf 85' lang='lat' dir='ltr'>gravis</span> <span class='ocrx_word' id='word_1_12' title='bbox 535 295 668 331; x_wconf 81' lang='lat' dir='ltr'>femina,</span> <span class='ocrx_word' id='word_1_13' title='bbox 683 295 788 326; x_wconf 86' lang='lat' dir='ltr'>socrus</span> <span class='ocrx_word' id='word_1_14' title='bbox 810 294 948 325; x_wconf 90' lang='lat' dir='ltr'>consulis</span> <span class='ocrx_word' id='word_1_15' title='bbox 970 294 1136 333; x_wconf 83' lang='lat' dir='ltr'>Postumii,</span> <span class='ocrx_word' id='word_1_16' title='bbox 1155 304 1208 337; x_wconf 85' lang='lat'>39,</span> <span class='ocrx_word' id='word_1_17' title='bbox 1231 304 1281 326; x_wconf 80' lang='grc' dir='ltr'>ιι.</span> <span class='ocrx_word' id='word_1_18' title='bbox 1309 305 1357 327; x_wconf 77' lang='lat'><strong>12.</strong></span> <span class='ocrx_word' id='word_1_19' title='bbox 1384 300 1417 325; x_wconf 84' lang='lat' dir='ltr'>et</span> 
     </span>
    </p>
   </div>
   <div class='ocr_carea' id='block_1_3' title="bbox 231 350 1427 1061">
    <p class='ocr_par' dir='ltr' id='par_1_3' title="bbox 285 350 478 378">
     <span class='ocr_line' id='line_1_4' title="bbox 285 350 478 378; baseline -0.005 -8"><span class='ocrx_word' id='word_1_20' title='bbox 285 350 296 370; x_wconf 92' lang='lat'>1</span> <span class='ocrx_word' id='word_1_21' title='bbox 305 350 334 378; x_wconf 90' lang='lat'>3.</span> <span class='ocrx_word' id='word_1_22' title='bbox 475 374 478 376; x_wconf 45' lang='grc'>,</span> 
     </span>
    </p>

    <p class='ocr_par' dir='ltr' id='par_1_4' title="bbox 234 378 1421 466">
     <span class='ocr_line' id='line_1_5' title="bbox 234 378 1421 421; baseline -0.004 -7"><span class='ocrx_word' id='word_1_23' title='bbox 234 384 271 414; x_wconf 88' lang='lat' dir='ltr'>C.</span> <span class='ocrx_word' id='word_1_24' title='bbox 286 382 461 421; x_wconf 79' lang='lat' dir='ltr'>Sulpicius,</span> <span class='ocrx_word' id='word_1_25' title='bbox 481 380 615 419; x_wconf 81' lang='lat' dir='ltr'>legatus,</span> <span class='ocrx_word' id='word_1_26' title='bbox 632 380 682 421; x_wconf 88' lang='lat' dir='ltr'>qui</span> <span class='ocrx_word' id='word_1_27' title='bbox 701 379 777 408; x_wconf 85' lang='lat' dir='ltr'>idem</span> <span class='ocrx_word' id='word_1_28' title='bbox 799 379 920 410; x_wconf 74' lang='lat' dir='ltr'>videtur</span> <span class='ocrx_word' id='word_1_29' title='bbox 935 378 1000 421; x_wconf 75' lang='lat' dir='ltr'>ff,</span> <span class='ocrx_word' id='word_1_30' title='bbox 1023 391 1060 409; x_wconf 81' lang='lat' dir='ltr'>ac</span> <span class='ocrx_word' id='word_1_31' title='bbox 1075 380 1111 410; x_wconf 85' lang='lat' dir='ltr'>C.</span> <span class='ocrx_word' id='word_1_32' title='bbox 1127 379 1276 420; x_wconf 81' lang='lat' dir='ltr'><em>Sulpicius</em></span> <span class='ocrx_word' id='word_1_33' title='bbox 1291 379 1421 416; x_wconf 75' lang='lat' dir='ltr'>Peticus,</span> 
     </span>
     <span class='ocr_line' id='line_1_6' title="bbox 277 423 884 466; baseline -0.005 -11"><span class='ocrx_word' id='word_1_34' title='bbox 277 426 311 455; x_wconf 78' lang='lat' dir='ltr'>de</span> <span class='ocrx_word' id='word_1_35' title='bbox 327 437 381 466; x_wconf 78' lang='lat' dir='ltr'>quo</span> <span class='ocrx_word' id='word_1_36' title='bbox 394 424 487 464; x_wconf 72' lang='lat' dir='ltr'>irfia,</span> <span class='ocrx_word' id='word_1_37' title='bbox 500 424 602 452; x_wconf 84' lang='lat' dir='ltr'>vincit</span> <span class='ocrx_word' id='word_1_38' title='bbox 620 423 790 458; x_wconf 83' lang='lat' dir='ltr'>Hernicos,</span> <span class='ocrx_word' id='word_1_39' title='bbox 809 431 839 459; x_wconf 90' lang='lat'>7,</span> <span class='ocrx_word' id='word_1_40' title='bbox 856 430 884 459; x_wconf 93' lang='lat'><strong>7.</strong></span> 
     </span>
    </p>

    <p class='ocr_par' dir='ltr' id='par_1_5' title="bbox 233 465 1230 506">
     <span class='ocr_line' id='line_1_7' title="bbox 233 465 1230 506; baseline -0.003 -7"><span class='ocrx_word' id='word_1_41' title='bbox 233 469 271 499; x_wconf 89' lang='lat' dir='ltr'>C.</span> <span class='ocrx_word' id='word_1_42' title='bbox 288 468 449 506; x_wconf 84' lang='lat' dir='ltr'>Sulpicius</span> <span class='ocrx_word' id='word_1_43' title='bbox 466 472 580 505; x_wconf 84' lang='lat' dir='ltr'>praetor</span> <span class='ocrx_word' id='word_1_44' title='bbox 596 472 731 502; x_wconf 90' lang='lat' dir='ltr'>creatur,</span> <span class='ocrx_word' id='word_1_45' title='bbox 747 472 778 494; x_wconf 90' lang='lat' dir='ltr'>et</span> <span class='ocrx_word' id='word_1_46' title='bbox 794 465 919 495; x_wconf 88' lang='lat' dir='ltr'>sortitur</span> <span class='ocrx_word' id='word_1_47' title='bbox 933 465 1090 502; x_wconf 88' lang='lat' dir='ltr'>Siciliam,</span> <span class='ocrx_word' id='word_1_48' title='bbox 1107 473 1160 505; x_wconf 85' lang='lat'>25,</span> <span class='ocrx_word' id='word_1_49' title='bbox 1177 475 1230 505; x_wconf 85' lang='lat'>4¹·</span> 
     </span>
    </p>

    <p class='ocr_par' dir='ltr' id='par_1_6' title="bbox 234 508 898 549">
     <span class='ocr_line' id='line_1_8' title="bbox 234 508 898 549; baseline -0.009 -7"><span class='ocrx_word' id='word_1_50' title='bbox 234 512 272 542; x_wconf 89' lang='lat' dir='ltr'>C.</span> <span class='ocrx_word' id='word_1_51' title='bbox 290 511 463 549; x_wconf 78' lang='lat' dir='ltr'>Sulpicius,</span> <span class='ocrx_word' id='word_1_52' title='bbox 480 508 626 538; x_wconf 84' lang='lat' dir='ltr'>tribunus</span> <span class='ocrx_word' id='word_1_53' title='bbox 642 508 755 547; x_wconf 91' lang='lat' dir='ltr'>plebis,</span> <span class='ocrx_word' id='word_1_54' title='bbox 771 517 826 548; x_wconf 82' lang='lat'>43,</span> <span class='ocrx_word' id='word_1_55' title='bbox 850 509 898 537; x_wconf 88' lang='lat'><strong>16.</strong></span> 
     </span>
    </p>

    <p class='ocr_par' dir='ltr' id='par_1_7' title="bbox 232 549 1427 632">
     <span class='ocr_line' id='line_1_9' title="bbox 232 549 1427 591; baseline -0.005 -6"><span class='ocrx_word' id='word_1_56' title='bbox 232 554 270 585; x_wconf 90' lang='lat' dir='ltr'>C.</span> <span class='ocrx_word' id='word_1_57' title='bbox 288 553 449 591; x_wconf 85' lang='lat' dir='ltr'>Sulpicius</span> <span class='ocrx_word' id='word_1_58' title='bbox 465 551 655 582; x_wconf 85' lang='lat' dir='ltr'>Camerinus</span> <span class='ocrx_word' id='word_1_59' title='bbox 676 550 785 580; x_wconf 85' lang='lat' dir='ltr'>censor</span> <span class='ocrx_word' id='word_1_60' title='bbox 800 557 934 587; x_wconf 88' lang='lat' dir='ltr'>creatur,</span> <span class='ocrx_word' id='word_1_61' title='bbox 952 551 984 587; x_wconf 89' lang='lat'>6,</span> <span class='ocrx_word' id='word_1_62' title='bbox 1001 557 1053 586; x_wconf 87' lang='lat'>27.</span> <span class='ocrx_word' id='word_1_63' title='bbox 1076 550 1203 580; x_wconf 86' lang='lat' dir='ltr'>abdicat</span> <span class='ocrx_word' id='word_1_64' title='bbox 1219 549 1248 579; x_wconf 91' lang='lat' dir='ltr'>se</span> <span class='ocrx_word' id='word_1_65' title='bbox 1263 549 1427 588; x_wconf 79' lang='lat' dir='ltr'>magistra-</span> 
     </span>
     <span class='ocr_line' id='line_1_10' title="bbox 279 595 417 632; baseline -0.014 -6"><span class='ocrx_word' id='word_1_66' title='bbox 279 603 328 632; x_wconf 86' lang='lat' dir='ltr'>tu,</span> <span class='ocrx_word' id='word_1_67' title='bbox 346 595 417 624; x_wconf 80' lang='lat' dir='ltr'>ibid.</span> 
     </span>
    </p>

    <p class='ocr_par' dir='ltr' id='par_1_8' title="bbox 233 636 1182 677">
     <span class='ocr_line' id='line_1_11' title="bbox 233 636 1182 677; baseline -0.004 -8"><span class='ocrx_word' id='word_1_68' title='bbox 233 638 271 669; x_wconf 92' lang='lat' dir='ltr'>C.</span> <span class='ocrx_word' id='word_1_69' title='bbox 291 638 451 677; x_wconf 84' lang='lat' dir='ltr'>Sulpicius</span> <span class='ocrx_word' id='word_1_70' title='bbox 464 636 580 673; x_wconf 81' lang='lat' dir='ltr'>Galba,</span> <span class='ocrx_word' id='word_1_71' title='bbox 598 636 754 675; x_wconf 85' lang='lat' dir='ltr'>pontifex,</span> <span class='ocrx_word' id='word_1_72' title='bbox 773 645 826 674; x_wconf 86' lang='lat'>30,</span> <span class='ocrx_word' id='word_1_73' title='bbox 845 644 895 676; x_wconf 88' lang='lat'>39.</span> <span class='ocrx_word' id='word_1_74' title='bbox 919 636 1063 669; x_wconf 87' lang='lat' dir='ltr'>moritur,</span> <span class='ocrx_word' id='word_1_75' title='bbox 1081 643 1134 672; x_wconf 86' lang='lat'>32,</span> <span class='ocrx_word' id='word_1_76' title='bbox 1153 641 1182 672; x_wconf 86' lang='lat'><strong>7.</strong></span> 
     </span>
    </p>

    <p class='ocr_par' dir='ltr' id='par_1_9' title="bbox 231 675 1424 760">
     <span class='ocr_line' id='line_1_12' title="bbox 231 675 1424 719; baseline -0.005 -7"><span class='ocrx_word' id='word_1_77' title='bbox 231 682 268 713; x_wconf 91' lang='lat' dir='ltr'>C.</span> <span class='ocrx_word' id='word_1_78' title='bbox 286 681 446 719; x_wconf 78' lang='lat' dir='ltr'>Sulpicius</span> <span class='ocrx_word' id='word_1_79' title='bbox 463 679 578 717; x_wconf 83' lang='lat' dir='ltr'>Galba,</span> <span class='ocrx_word' id='word_1_80' title='bbox 595 686 718 709; x_wconf 84' lang='lat' dir='ltr'>creatur</span> <span class='ocrx_word' id='word_1_81' title='bbox 741 686 866 718; x_wconf 77' lang='lat' dir='ltr'>praexor,</span> <span class='ocrx_word' id='word_1_82' title='bbox 882 687 937 717; x_wconf 91' lang='lat'>42,</span> <span class='ocrx_word' id='word_1_83' title='bbox 963 679 1014 709; x_wconf 85' lang='lat'><strong>28.</strong></span> <span class='ocrx_word' id='word_1_84' title='bbox 1037 675 1424 715; x_wconf 68' lang='lat' dir='ltr'>sortiturjurisdifflonem</span> 
     </span>
     <span class='ocr_line' id='line_1_13' title="bbox 278 724 522 760; baseline -0.004 -7"><span class='ocrx_word' id='word_1_85' title='bbox 278 724 451 758; x_wconf 86' lang='lat' dir='ltr'>urbanam,</span> <span class='ocrx_word' id='word_1_86' title='bbox 471 732 522 760; x_wconf 83' lang='lat'>3¹·</span> 
     </span>
    </p>

    <p class='ocr_par' dir='ltr' id='par_1_10' title="bbox 232 760 1425 1016">
     <span class='ocr_line' id='line_1_14' title="bbox 232 760 1424 806; baseline -0.005 -9"><span class='ocrx_word' id='word_1_87' title='bbox 232 767 269 798; x_wconf 92' lang='lat' dir='ltr'>C.</span> <span class='ocrx_word' id='word_1_88' title='bbox 284 766 445 806; x_wconf 83' lang='lat' dir='ltr'>Sulpicius</span> <span class='ocrx_word' id='word_1_89' title='bbox 462 764 586 800; x_wconf 88' lang='lat' dir='ltr'>Gallus,</span> <span class='ocrx_word' id='word_1_90' title='bbox 602 760 787 794; x_wconf 84' lang='lat' dir='ltr'>nominatur</span> <span class='ocrx_word' id='word_1_91' title='bbox 803 769 954 802; x_wconf 87' lang='lat' dir='ltr'>patronus</span> <span class='ocrx_word' id='word_1_92' title='bbox 970 763 1010 793; x_wconf 91' lang='lat' dir='ltr'>ab</span> <span class='ocrx_word' id='word_1_93' title='bbox 1034 762 1194 802; x_wconf 86' lang='lat' dir='ltr'>Hispanis,</span> <span class='ocrx_word' id='word_1_94' title='bbox 1211 772 1265 800; x_wconf 87' lang='lat'>43,</span> <span class='ocrx_word' id='word_1_95' title='bbox 1285 772 1314 793; x_wconf 87' lang='lat' dir='ltr'>z.</span> <span class='ocrx_word' id='word_1_96' title='bbox 1338 770 1424 792; x_wconf 85' lang='lat' dir='ltr'>crea·</span> 
     </span>
     <span class='ocr_line' id='line_1_15' title="bbox 276 805 1425 848; baseline -0.004 -9"><span class='ocrx_word' id='word_1_97' title='bbox 276 817 327 839; x_wconf 88' lang='lat' dir='ltr'>tur</span> <span class='ocrx_word' id='word_1_98' title='bbox 344 816 469 848; x_wconf 82' lang='lat' dir='ltr'>praetor,</span> <span class='ocrx_word' id='word_1_99' title='bbox 491 817 539 846; x_wconf 84' lang='lat'>13.</span> <span class='ocrx_word' id='word_1_100' title='bbox 566 806 726 836; x_wconf 68' lang='lat' dir='ltr'>delectum</span> <span class='ocrx_word' id='word_1_101' title='bbox 748 806 858 841; x_wconf 88' lang='lat' dir='ltr'>habet,</span> <span class='ocrx_word' id='word_1_102' title='bbox 885 807 933 836; x_wconf 91' lang='lat'>16.</span> <span class='ocrx_word' id='word_1_103' title='bbox 957 807 1081 836; x_wconf 89' lang='lat' dir='ltr'>sortitur</span> <span class='ocrx_word' id='word_1_104' title='bbox 1097 805 1350 843; x_wconf 67' lang='lat' dir='ltr'>jurisdictionem</span> <span class='ocrx_word' id='word_1_105' title='bbox 1371 813 1425 834; x_wconf 87' lang='lat' dir='ltr'>ur·</span> 
     </span>
     <span class='ocr_line' id='line_1_16' title="bbox 274 847 1425 888; baseline -0.005 -6"><span class='ocrx_word' id='word_1_106' title='bbox 274 852 408 888; x_wconf 83' lang='lat' dir='ltr'>banam,</span> <span class='ocrx_word' id='word_1_107' title='bbox 423 851 495 882; x_wconf 84' lang='lat' dir='ltr'>ibid.</span> <span class='ocrx_word' id='word_1_108' title='bbox 517 851 558 880; x_wconf 84' lang='lat' dir='ltr'>ab</span> <span class='ocrx_word' id='word_1_109' title='bbox 581 858 619 879; x_wconf 88' lang='lat' dir='ltr'>eo</span> <span class='ocrx_word' id='word_1_110' title='bbox 641 855 673 879; x_wconf 91' lang='lat' dir='ltr'>et</span> <span class='ocrx_word' id='word_1_111' title='bbox 695 849 816 886; x_wconf 85' lang='lat' dir='ltr'>collega</span> <span class='ocrx_word' id='word_1_112' title='bbox 833 849 880 878; x_wconf 91' lang='lat' dir='ltr'>M.</span> <span class='ocrx_word' id='word_1_113' title='bbox 896 848 1031 878; x_wconf 90' lang='lat' dir='ltr'>Claudio</span> <span class='ocrx_word' id='word_1_114' title='bbox 1053 848 1162 878; x_wconf 88' lang='lat' dir='ltr'>consul</span> <span class='ocrx_word' id='word_1_115' title='bbox 1186 847 1303 886; x_wconf 68' lang='lat' dir='ltr'>accipit</span> <span class='ocrx_word' id='word_1_116' title='bbox 1324 847 1425 886; x_wconf 87' lang='lat' dir='ltr'>legio-</span> 
     </span>
     <span class='ocr_line' id='line_1_17' title="bbox 275 891 1421 931; baseline -0.005 -6"><span class='ocrx_word' id='word_1_117' title='bbox 275 904 345 931; x_wconf 78' lang='lat' dir='ltr'>neS,</span> <span class='ocrx_word' id='word_1_118' title='bbox 364 902 413 931; x_wconf 86' lang='lat'>17.</span> <span class='ocrx_word' id='word_1_119' title='bbox 438 894 524 923; x_wconf 87' lang='lat' dir='ltr'>idem</span> <span class='ocrx_word' id='word_1_120' title='bbox 540 892 665 929; x_wconf 88' lang='lat' dir='ltr'>Gallus,</span> <span class='ocrx_word' id='word_1_121' title='bbox 684 892 830 921; x_wconf 89' lang='lat' dir='ltr'>tribunus</span> <span class='ocrx_word' id='word_1_122' title='bbox 853 891 995 921; x_wconf 87' lang='lat' dir='ltr'>militum</span> <span class='ocrx_word' id='word_1_123' title='bbox 1009 891 1157 921; x_wconf 74' lang='lat' dir='ltr'>secundae</span> <span class='ocrx_word' id='word_1_124' title='bbox 1179 891 1325 929; x_wconf 81' lang='lat' dir='ltr'>legioniS‚</span> <span class='ocrx_word' id='word_1_125' title='bbox 1341 898 1421 929; x_wconf 86' lang='lat' dir='ltr'>prae-</span> 
     </span>
     <span class='ocr_line' id='line_1_18' title="bbox 273 931 1421 976; baseline -0.004 -9"><span class='ocrx_word' id='word_1_126' title='bbox 273 938 352 967; x_wconf 88' lang='lat' dir='ltr'>dicit</span> <span class='ocrx_word' id='word_1_127' title='bbox 374 936 505 976; x_wconf 79' lang='lat' dir='ltr'>eclipsin</span> <span class='ocrx_word' id='word_1_128' title='bbox 529 936 640 971; x_wconf 82' lang='lat' dir='ltr'>Lunae,</span> <span class='ocrx_word' id='word_1_129' title='bbox 663 945 718 974; x_wconf 87' lang='lat'>44,</span> <span class='ocrx_word' id='word_1_130' title='bbox 744 941 794 972; x_wconf 77' lang='lat'><strong>37.</strong></span> <span class='ocrx_word' id='word_1_131' title='bbox 819 935 927 973; x_wconf 84' lang='lat' dir='ltr'>praeest</span> <span class='ocrx_word' id='word_1_132' title='bbox 951 935 1057 964; x_wconf 84' lang='lat' dir='ltr'>castris</span> <span class='ocrx_word' id='word_1_133' title='bbox 1078 933 1204 964; x_wconf 84' lang='lat' dir='ltr'>AEmilii</span> <span class='ocrx_word' id='word_1_134' title='bbox 1227 931 1341 969; x_wconf 80' lang='lat' dir='ltr'>Paulli,</span> <span class='ocrx_word' id='word_1_135' title='bbox 1363 939 1421 972; x_wconf 87' lang='lat'>45,</span> 
     </span>
     <span class='ocr_line' id='line_1_19' title="bbox 276 978 676 1016; baseline -0.01 -5"><span class='ocrx_word' id='word_1_136' title='bbox 276 988 329 1016; x_wconf 91' lang='lat'><strong>27.</strong></span> <span class='ocrx_word' id='word_1_137' title='bbox 345 986 468 1009; x_wconf 85' lang='lat' dir='ltr'>creatur</span> <span class='ocrx_word' id='word_1_138' title='bbox 482 978 606 1014; x_wconf 81' lang='lat' dir='ltr'>consul,</span> <span class='ocrx_word' id='word_1_139' title='bbox 622 987 676 1016; x_wconf 88' lang='lat'>44.</span> 
     </span>
    </p>

    <p class='ocr_par' dir='ltr' id='par_1_11' title="bbox 232 1018 1421 1061">
     <span class='ocr_line' id='line_1_20' title="bbox 232 1018 1421 1061; baseline -0.005 -8"><span class='ocrx_word' id='word_1_140' title='bbox 232 1022 270 1054; x_wconf 90' lang='lat' dir='ltr'>C.</span> <span class='ocrx_word' id='word_1_141' title='bbox 291 1022 451 1061; x_wconf 89' lang='lat' dir='ltr'>Sulpicius</span> <span class='ocrx_word' id='word_1_142' title='bbox 478 1022 618 1060; x_wconf 88' lang='lat' dir='ltr'>Longus,</span> <span class='ocrx_word' id='word_1_143' title='bbox 643 1019 768 1056; x_wconf 89' lang='lat' dir='ltr'>consul,</span> <span class='ocrx_word' id='word_1_144' title='bbox 794 1019 826 1056; x_wconf 85' lang='lat'>8,</span> <span class='ocrx_word' id='word_1_145' title='bbox 847 1028 895 1060; x_wconf 87' lang='lat'>15.</span> <span class='ocrx_word' id='word_1_146' title='bbox 919 1020 1048 1057; x_wconf 89' lang='lat' dir='ltr'>iterum,</span> <span class='ocrx_word' id='word_1_147' title='bbox 1067 1025 1118 1058; x_wconf 85' lang='lat'><strong>37.</strong></span> <span class='ocrx_word' id='word_1_148' title='bbox 1141 1018 1285 1055; x_wconf 89' lang='lat' dir='ltr'>tertium,</span> <span class='ocrx_word' id='word_1_149' title='bbox 1311 1026 1343 1055; x_wconf 88' lang='lat'>9,</span> <span class='ocrx_word' id='word_1_150' title='bbox 1368 1026 1421 1057; x_wconf 75' lang='lat'>24.</span> 
     </span>
    </p>
   </div>
   <div class='ocr_carea' id='block_1_4' title="bbox 229 1064 1422 1188">
    <p class='ocr_par' dir='ltr' id='par_1_12' title="bbox 229 1064 1422 1188">
     <span class='ocr_line' id='line_1_21' title="bbox 275 1064 1081 1101; baseline -0.005 -6"><span class='ocrx_word' id='word_1_151' title='bbox 275 1065 436 1095; x_wconf 86' lang='lat' dir='ltr'>Samnites</span> <span class='ocrx_word' id='word_1_152' title='bbox 454 1064 566 1101; x_wconf 83' lang='lat' dir='ltr'>vincit,</span> <span class='ocrx_word' id='word_1_153' title='bbox 588 1071 639 1100; x_wconf 91' lang='lat'>27.</span> <span class='ocrx_word' id='word_1_154' title='bbox 1079 1094 1081 1096; x_wconf 57' lang='grc'>,</span> 
     </span>
     <span class='ocr_line' id='line_1_22' title="bbox 229 1101 1422 1147; baseline -0.007 -8"><span class='ocrx_word' id='word_1_155' title='bbox 229 1108 266 1139; x_wconf 89' lang='lat' dir='ltr'>C.</span> <span class='ocrx_word' id='word_1_156' title='bbox 286 1107 447 1147; x_wconf 87' lang='lat' dir='ltr'>Sulpicius</span> <span class='ocrx_word' id='word_1_157' title='bbox 464 1107 601 1143; x_wconf 86' lang='lat' dir='ltr'>Peticus,</span> <span class='ocrx_word' id='word_1_158' title='bbox 618 1105 742 1142; x_wconf 89' lang='lat' dir='ltr'>consul,</span> <span class='ocrx_word' id='word_1_159' title='bbox 758 1112 788 1141; x_wconf 88' lang='lat'>7,</span> <span class='ocrx_word' id='word_1_160' title='bbox 807 1115 836 1136; x_wconf 90' lang='lat'>2.</span> <span class='ocrx_word' id='word_1_161' title='bbox 854 1103 920 1134; x_wconf 73' lang='lat' dir='ltr'>vid.</span> <span class='ocrx_word' id='word_1_162' title='bbox 937 1105 974 1134; x_wconf 91' lang='lat' dir='ltr'>C.</span> <span class='ocrx_word' id='word_1_163' title='bbox 991 1103 1163 1143; x_wconf 86' lang='lat' dir='ltr'>Sulpicius,</span> <span class='ocrx_word' id='word_1_164' title='bbox 1179 1103 1314 1142; x_wconf 83' lang='lat' dir='ltr'>legatus.</span> <span class='ocrx_word' id='word_1_165' title='bbox 1359 1101 1422 1131; x_wconf 88' lang='lat' dir='ltr'>Ite-</span> 
     </span>
     <span class='ocr_line' id='line_1_23' title="bbox 275 1145 1419 1188; baseline -0.006 -8"><span class='ocrx_word' id='word_1_166' title='bbox 275 1160 348 1181; x_wconf 86' lang='lat' dir='ltr'>rum</span> <span class='ocrx_word' id='word_1_167' title='bbox 375 1149 501 1186; x_wconf 88' lang='lat' dir='ltr'>consul,</span> <span class='ocrx_word' id='word_1_168' title='bbox 529 1161 557 1188; x_wconf 86' lang='lat'>9.</span> <span class='ocrx_word' id='word_1_169' title='bbox 581 1150 670 1178; x_wconf 91' lang='lat' dir='ltr'>ducit</span> <span class='ocrx_word' id='word_1_170' title='bbox 695 1148 874 1177; x_wconf 83' lang='lat' dir='ltr'>exercitum</span> <span class='ocrx_word' id='word_1_171' title='bbox 900 1148 932 1176; x_wconf 90' lang='lat' dir='ltr'>in</span> <span class='ocrx_word' id='word_1_172' title='bbox 962 1147 1131 1182; x_wconf 84' lang='lat' dir='ltr'>Hernicos,</span> <span class='ocrx_word' id='word_1_173' title='bbox 1160 1153 1190 1175; x_wconf 94' lang='lat' dir='ltr'>et</span> <span class='ocrx_word' id='word_1_174' title='bbox 1213 1145 1419 1175; x_wconf 86' lang='lat' dir='ltr'>Ferentinum</span> 
     </span>
    </p>
   </div>
   <div class='ocr_carea' id='block_1_5' title="bbox 216 1187 1423 2421">
    <p class='ocr_par' dir='ltr' id='par_1_13' title="bbox 269 1187 1423 1445">
     <span class='ocr_line' id='line_1_24' title="bbox 272 1187 1420 1231; baseline -0.004 -10"><span class='ocrx_word' id='word_1_175' title='bbox 272 1194 386 1223; x_wconf 89' lang='lat' dir='ltr'>urbem</span> <span class='ocrx_word' id='word_1_176' title='bbox 410 1193 508 1231; x_wconf 83' lang='lat' dir='ltr'>capit,</span> <span class='ocrx_word' id='word_1_177' title='bbox 523 1191 595 1222; x_wconf 85' lang='lat' dir='ltr'>ibid.</span> <span class='ocrx_word' id='word_1_178' title='bbox 618 1190 750 1220; x_wconf 67' lang='lat' dir='ltr'>dictator</span> <span class='ocrx_word' id='word_1_179' title='bbox 763 1190 877 1226; x_wconf 68' lang='lat' dir='ltr'>dicius,</span> <span class='ocrx_word' id='word_1_180' title='bbox 897 1199 945 1219; x_wconf 90' lang='lat'>12.</span> <span class='ocrx_word' id='word_1_181' title='bbox 970 1189 1066 1218; x_wconf 87' lang='lat' dir='ltr'>trahit</span> <span class='ocrx_word' id='word_1_182' title='bbox 1082 1188 1216 1223; x_wconf 88' lang='lat' dir='ltr'>bellum,</span> <span class='ocrx_word' id='word_1_183' title='bbox 1233 1197 1315 1226; x_wconf 80' lang='lat' dir='ltr'>aegre</span> <span class='ocrx_word' id='word_1_184' title='bbox 1329 1187 1359 1216; x_wconf 88' lang='lat' dir='ltr'>id</span> <span class='ocrx_word' id='word_1_185' title='bbox 1375 1187 1420 1216; x_wconf 85' lang='lat' dir='ltr'>fe-</span> 
     </span>
     <span class='ocr_line' id='line_1_25' title="bbox 272 1230 1423 1270; baseline -0.006 -5"><span class='ocrx_word' id='word_1_186' title='bbox 272 1236 415 1265; x_wconf 87' lang='lat' dir='ltr'>rentibus</span> <span class='ocrx_word' id='word_1_187' title='bbox 433 1234 602 1270; x_wconf 87' lang='lat' dir='ltr'>militibus,</span> <span class='ocrx_word' id='word_1_188' title='bbox 620 1233 691 1262; x_wconf 85' lang='lat' dir='ltr'>ibid.</span> <span class='ocrx_word' id='word_1_189' title='bbox 716 1233 789 1262; x_wconf 77' lang='lat' dir='ltr'>Sex.</span> <span class='ocrx_word' id='word_1_190' title='bbox 805 1231 905 1262; x_wconf 88' lang='lat' dir='ltr'>Tullii</span> <span class='ocrx_word' id='word_1_191' title='bbox 922 1231 961 1261; x_wconf 88' lang='lat' dir='ltr'>ad</span> <span class='ocrx_word' id='word_1_192' title='bbox 977 1241 1054 1261; x_wconf 89' lang='lat' dir='ltr'>eum</span> <span class='ocrx_word' id='word_1_193' title='bbox 1068 1232 1181 1267; x_wconf 88' lang='lat' dir='ltr'>oratio,</span> <span class='ocrx_word' id='word_1_194' title='bbox 1204 1240 1250 1268; x_wconf 87' lang='lat'>¹3·</span> <span class='ocrx_word' id='word_1_195' title='bbox 1264 1230 1331 1267; x_wconf 87' lang='lat' dir='ltr'>ejus</span> <span class='ocrx_word' id='word_1_196' title='bbox 1346 1230 1423 1258; x_wconf 83' lang='lat' dir='ltr'>stra-</span> 
     </span>
     <span class='ocr_line' id='line_1_26' title="bbox 272 1271 1422 1316; baseline -0.007 -8"><span class='ocrx_word' id='word_1_197' title='bbox 272 1284 413 1316; x_wconf 84' lang='lat' dir='ltr'>tegema,</span> <span class='ocrx_word' id='word_1_198' title='bbox 433 1287 483 1316; x_wconf 89' lang='lat'>14.</span> <span class='ocrx_word' id='word_1_199' title='bbox 507 1277 606 1306; x_wconf 89' lang='lat' dir='ltr'>vincit</span> <span class='ocrx_word' id='word_1_200' title='bbox 630 1275 754 1312; x_wconf 89' lang='lat' dir='ltr'>Gallos,</span> <span class='ocrx_word' id='word_1_201' title='bbox 779 1281 810 1305; x_wconf 90' lang='lat' dir='ltr'>et</span> <span class='ocrx_word' id='word_1_202' title='bbox 835 1274 1026 1313; x_wconf 88' lang='lat' dir='ltr'>triumphat,</span> <span class='ocrx_word' id='word_1_203' title='bbox 1055 1283 1105 1313; x_wconf 81' lang='lat'>¹5·</span> <span class='ocrx_word' id='word_1_204' title='bbox 1127 1273 1194 1303; x_wconf 89' lang='lat' dir='ltr'>auri</span> <span class='ocrx_word' id='word_1_205' title='bbox 1224 1282 1264 1302; x_wconf 80' lang='lat' dir='ltr'>ex</span> <span class='ocrx_word' id='word_1_206' title='bbox 1289 1271 1422 1301; x_wconf 75' lang='lat' dir='ltr'>Gallicis</span> 
     </span>
     <span class='ocr_line' id='line_1_27' title="bbox 269 1314 1422 1360; baseline -0.006 -10"><span class='ocrx_word' id='word_1_207' title='bbox 269 1321 376 1360; x_wconf 82' lang='lat' dir='ltr'>spoliis</span> <span class='ocrx_word' id='word_1_208' title='bbox 400 1328 558 1359; x_wconf 87' lang='lat' dir='ltr'>magnum</span> <span class='ocrx_word' id='word_1_209' title='bbox 576 1319 713 1358; x_wconf 85' lang='lat' dir='ltr'>pondus,</span> <span class='ocrx_word' id='word_1_210' title='bbox 730 1318 804 1347; x_wconf 84' lang='lat' dir='ltr'>saxo</span> <span class='ocrx_word' id='word_1_211' title='bbox 826 1318 980 1356; x_wconf 88' lang='lat' dir='ltr'>quadrato</span> <span class='ocrx_word' id='word_1_212' title='bbox 996 1316 1134 1355; x_wconf 88' lang='lat' dir='ltr'>septum,</span> <span class='ocrx_word' id='word_1_213' title='bbox 1152 1316 1184 1345; x_wconf 89' lang='lat' dir='ltr'>in</span> <span class='ocrx_word' id='word_1_214' title='bbox 1201 1314 1359 1354; x_wconf 90' lang='lat' dir='ltr'>Capitolio</span> <span class='ocrx_word' id='word_1_215' title='bbox 1375 1314 1422 1343; x_wconf 89' lang='lat' dir='ltr'>sa-</span> 
     </span>
     <span class='ocr_line' id='line_1_28' title="bbox 271 1358 1419 1399; baseline -0.006 -6"><span class='ocrx_word' id='word_1_216' title='bbox 271 1370 351 1399; x_wconf 81' lang='lat' dir='ltr'>crat,</span> <span class='ocrx_word' id='word_1_217' title='bbox 380 1362 452 1392; x_wconf 86' lang='lat' dir='ltr'>ibid.</span> <span class='ocrx_word' id='word_1_218' title='bbox 478 1368 600 1392; x_wconf 84' lang='lat' dir='ltr'>creatur</span> <span class='ocrx_word' id='word_1_219' title='bbox 623 1362 760 1390; x_wconf 85' lang='lat' dir='ltr'>interrex</span> <span class='ocrx_word' id='word_1_220' title='bbox 783 1366 814 1389; x_wconf 89' lang='lat' dir='ltr'>et</span> <span class='ocrx_word' id='word_1_221' title='bbox 835 1361 966 1389; x_wconf 79' lang='lat' dir='ltr'>tertium</span> <span class='ocrx_word' id='word_1_222' title='bbox 982 1358 1106 1394; x_wconf 89' lang='lat' dir='ltr'>consul,</span> <span class='ocrx_word' id='word_1_223' title='bbox 1127 1365 1175 1394; x_wconf 87' lang='lat'>17.</span> <span class='ocrx_word' id='word_1_224' title='bbox 1199 1364 1227 1387; x_wconf 86' lang='lat' dir='ltr'>et</span> <span class='ocrx_word' id='word_1_225' title='bbox 1252 1358 1302 1388; x_wconf 85' lang='lat'>18.</span> <span class='ocrx_word' id='word_1_226' title='bbox 1325 1365 1419 1396; x_wconf 50' lang='lat' dir='ltr'>quar*</span> 
     </span>
     <span class='ocr_line' id='line_1_29' title="bbox 270 1401 1149 1445; baseline -0.006 -10"><span class='ocrx_word' id='word_1_227' title='bbox 270 1412 357 1442; x_wconf 86' lang='lat' dir='ltr'>tum,</span> <span class='ocrx_word' id='word_1_228' title='bbox 377 1415 426 1445; x_wconf 89' lang='lat'>19.</span> <span class='ocrx_word' id='word_1_229' title='bbox 444 1406 559 1434; x_wconf 83' lang='lat' dir='ltr'>iterum</span> <span class='ocrx_word' id='word_1_230' title='bbox 575 1405 724 1440; x_wconf 85' lang='lat' dir='ltr'>interrex,</span> <span class='ocrx_word' id='word_1_231' title='bbox 741 1409 773 1432; x_wconf 86' lang='lat' dir='ltr'>et</span> <span class='ocrx_word' id='word_1_232' title='bbox 788 1403 941 1441; x_wconf 84' lang='lat' dir='ltr'>quintum</span> <span class='ocrx_word' id='word_1_233' title='bbox 956 1401 1079 1438; x_wconf 85' lang='lat' dir='ltr'>consul,</span> <span class='ocrx_word' id='word_1_234' title='bbox 1099 1410 1149 1431; x_wconf 90' lang='lat'>22.</span> 
     </span>
    </p>

    <p class='ocr_par' dir='ltr' id='par_1_14' title="bbox 229 1446 929 1487">
     <span class='ocr_line' id='line_1_30' title="bbox 229 1446 929 1487; baseline -0.006 -9"><span class='ocrx_word' id='word_1_235' title='bbox 229 1447 263 1478; x_wconf 80' lang='lat' dir='ltr'>L.</span> <span class='ocrx_word' id='word_1_236' title='bbox 281 1448 456 1487; x_wconf 85' lang='lat' dir='ltr'>Sulpicius,</span> <span class='ocrx_word' id='word_1_237' title='bbox 472 1447 617 1476; x_wconf 89' lang='lat' dir='ltr'>tribunus</span> <span class='ocrx_word' id='word_1_238' title='bbox 634 1446 791 1483; x_wconf 88' lang='lat' dir='ltr'>militum,</span> <span class='ocrx_word' id='word_1_239' title='bbox 804 1455 859 1485; x_wconf 84' lang='lat'>40,</span> <span class='ocrx_word' id='word_1_240' title='bbox 877 1450 929 1480; x_wconf 85' lang='lat'><strong>27.</strong></span> 
     </span>
    </p>

    <p class='ocr_par' dir='ltr' id='par_1_15' title="bbox 226 1491 761 1530">
     <span class='ocr_line' id='line_1_31' title="bbox 226 1491 761 1530; baseline -0.006 -9"><span class='ocrx_word' id='word_1_241' title='bbox 226 1492 262 1521; x_wconf 89' lang='lat' dir='ltr'>P.</span> <span class='ocrx_word' id='word_1_242' title='bbox 277 1491 450 1530; x_wconf 87' lang='lat' dir='ltr'>Sulpicius,</span> <span class='ocrx_word' id='word_1_243' title='bbox 468 1491 617 1525; x_wconf 83' lang='lat' dir='ltr'>interrex,</span> <span class='ocrx_word' id='word_1_244' title='bbox 641 1498 691 1526; x_wconf 84' lang='lat'>10,</span> <span class='ocrx_word' id='word_1_245' title='bbox 714 1499 761 1518; x_wconf 89' lang='lat'><strong>11.</strong></span> 
     </span>
    </p>

    <p class='ocr_par' dir='ltr' id='par_1_16' title="bbox 226 1528 1418 2292">
     <span class='ocr_line' id='line_1_32' title="bbox 226 1528 1418 1573; baseline -0.005 -9"><span class='ocrx_word' id='word_1_246' title='bbox 226 1534 259 1564; x_wconf 81' lang='grc' dir='ltr'>Ρ.</span> <span class='ocrx_word' id='word_1_247' title='bbox 272 1535 446 1573; x_wconf 86' lang='lat' dir='ltr'>Sulpicius,</span> <span class='ocrx_word' id='word_1_248' title='bbox 464 1532 581 1569; x_wconf 85' lang='lat' dir='ltr'>Galba,</span> <span class='ocrx_word' id='word_1_249' title='bbox 596 1533 694 1562; x_wconf 88' lang='lat' dir='ltr'>Servii</span> <span class='ocrx_word' id='word_1_250' title='bbox 718 1531 814 1568; x_wconf 85' lang='lat' dir='ltr'>filius,</span> <span class='ocrx_word' id='word_1_251' title='bbox 832 1531 889 1571; x_wconf 86' lang='lat' dir='ltr'>qui</span> <span class='ocrx_word' id='word_1_252' title='bbox 911 1530 1039 1561; x_wconf 89' lang='lat' dir='ltr'>nullum</span> <span class='ocrx_word' id='word_1_253' title='bbox 1063 1536 1156 1560; x_wconf 85' lang='lat' dir='ltr'>antea</span> <span class='ocrx_word' id='word_1_254' title='bbox 1178 1528 1324 1560; x_wconf 89' lang='lat' dir='ltr'>curulem</span> <span class='ocrx_word' id='word_1_255' title='bbox 1346 1536 1418 1558; x_wconf 88' lang='lat' dir='ltr'>ma·</span> 
     </span>
     <span class='ocr_line' id='line_1_33' title="bbox 267 1571 1417 1615; baseline -0.005 -9"><span class='ocrx_word' id='word_1_256' title='bbox 267 1577 434 1615; x_wconf 86' lang='lat' dir='ltr'>gistratum</span> <span class='ocrx_word' id='word_1_257' title='bbox 450 1574 590 1613; x_wconf 79' lang='lat' dir='ltr'>gefl&#39;erat,</span> <span class='ocrx_word' id='word_1_258' title='bbox 607 1573 717 1604; x_wconf 80' lang='lat' dir='ltr'>consul</span> <span class='ocrx_word' id='word_1_259' title='bbox 740 1580 875 1611; x_wconf 86' lang='lat' dir='ltr'>creatur,</span> <span class='ocrx_word' id='word_1_260' title='bbox 891 1581 944 1613; x_wconf 83' lang='lat'>25,</span> <span class='ocrx_word' id='word_1_261' title='bbox 958 1583 1012 1612; x_wconf 86' lang='lat'>41.</span> <span class='ocrx_word' id='word_1_262' title='bbox 1036 1573 1255 1611; x_wconf 88' lang='lat' dir='ltr'>magistratum</span> <span class='ocrx_word' id='word_1_263' title='bbox 1272 1571 1343 1606; x_wconf 89' lang='lat' dir='ltr'>init,</span> <span class='ocrx_word' id='word_1_264' title='bbox 1362 1572 1417 1608; x_wconf 89' lang='lat'>26,</span> 
     </span>
     <span class='ocr_line' id='line_1_34' title="bbox 272 1613 1418 1658; baseline -0.005 -10"><span class='ocrx_word' id='word_1_265' title='bbox 272 1629 298 1648; x_wconf 86' lang='lat'><strong>1.</strong></span> <span class='ocrx_word' id='word_1_266' title='bbox 322 1618 477 1658; x_wconf 87' lang='lat' dir='ltr'>Apuliam</span> <span class='ocrx_word' id='word_1_267' title='bbox 501 1618 699 1656; x_wconf 87' lang='lat' dir='ltr'>provinciam</span> <span class='ocrx_word' id='word_1_268' title='bbox 722 1616 857 1653; x_wconf 86' lang='lat' dir='ltr'>obtinet,</span> <span class='ocrx_word' id='word_1_269' title='bbox 883 1627 935 1647; x_wconf 81' lang='lat'>22.</span> <span class='ocrx_word' id='word_1_270' title='bbox 959 1617 992 1645; x_wconf 88' lang='lat' dir='ltr'>in</span> <span class='ocrx_word' id='word_1_271' title='bbox 1016 1615 1244 1644; x_wconf 85' lang='lat' dir='ltr'>Macedoniam</span> <span class='ocrx_word' id='word_1_272' title='bbox 1267 1613 1418 1649; x_wconf 76' lang='lat' dir='ltr'>mittitur,</span> 
     </span>
     <span class='ocr_line' id='line_1_35' title="bbox 267 1657 1413 1698; baseline -0.004 -9"><span class='ocrx_word' id='word_1_273' title='bbox 267 1661 341 1691; x_wconf 83' lang='lat' dir='ltr'>ibid.</span> <span class='ocrx_word' id='word_1_274' title='bbox 365 1662 392 1691; x_wconf 90' lang='lat' dir='ltr'>ei</span> <span class='ocrx_word' id='word_1_275' title='bbox 423 1660 596 1698; x_wconf 86' lang='lat' dir='ltr'>imperium</span> <span class='ocrx_word' id='word_1_276' title='bbox 614 1666 831 1698; x_wconf 84' lang='lat' dir='ltr'>prorogatum,</span> <span class='ocrx_word' id='word_1_277' title='bbox 849 1660 900 1689; x_wconf 83' lang='lat'><strong>28.</strong></span> <span class='ocrx_word' id='word_1_278' title='bbox 923 1659 1020 1687; x_wconf 82' lang='lat' dir='ltr'>etiam</span> <span class='ocrx_word' id='word_1_279' title='bbox 1038 1666 1125 1686; x_wconf 91' lang='lat' dir='ltr'>anno</span> <span class='ocrx_word' id='word_1_280' title='bbox 1140 1657 1294 1695; x_wconf 84' lang='lat' dir='ltr'>sequenti,</span> <span class='ocrx_word' id='word_1_281' title='bbox 1310 1662 1362 1691; x_wconf 89' lang='lat'>27,</span> <span class='ocrx_word' id='word_1_282' title='bbox 1383 1663 1413 1691; x_wconf 92' lang='lat'>7.</span> 
     </span>
     <span class='ocr_line' id='line_1_36' title="bbox 265 1700 1416 1740; baseline -0.006 -7"><span class='ocrx_word' id='word_1_283' title='bbox 265 1710 297 1733; x_wconf 87' lang='lat' dir='ltr'>et</span> <span class='ocrx_word' id='word_1_284' title='bbox 318 1713 366 1733; x_wconf 86' lang='lat'><strong>10.</strong></span> <span class='ocrx_word' id='word_1_285' title='bbox 391 1704 506 1732; x_wconf 87' lang='lat' dir='ltr'>iterum</span> <span class='ocrx_word' id='word_1_286' title='bbox 527 1710 613 1730; x_wconf 89' lang='lat' dir='ltr'>anno</span> <span class='ocrx_word' id='word_1_287' title='bbox 642 1702 796 1740; x_wconf 80' lang='lat' dir='ltr'>sequenti,</span> <span class='ocrx_word' id='word_1_288' title='bbox 813 1711 866 1731; x_wconf 90' lang='lat'>22.</span> <span class='ocrx_word' id='word_1_289' title='bbox 889 1700 957 1738; x_wconf 82' lang='lat' dir='ltr'>ejus</span> <span class='ocrx_word' id='word_1_290' title='bbox 981 1709 1028 1729; x_wconf 85' lang='lat' dir='ltr'>res</span> <span class='ocrx_word' id='word_1_291' title='bbox 1055 1700 1160 1738; x_wconf 64' lang='lat' dir='ltr'>gestae,</span> <span class='ocrx_word' id='word_1_292' title='bbox 1179 1709 1230 1737; x_wconf 85' lang='lat'>31.</span> <span class='ocrx_word' id='word_1_293' title='bbox 1249 1708 1299 1736; x_wconf 88' lang='lat'>32.</span> <span class='ocrx_word' id='word_1_294' title='bbox 1316 1703 1348 1727; x_wconf 89' lang='lat' dir='ltr'>et</span> <span class='ocrx_word' id='word_1_295' title='bbox 1364 1706 1416 1735; x_wconf 85' lang='lat'>33.</span> 
     </span>
     <span class='ocr_line' id='line_1_37' title="bbox 265 1741 1417 1783; baseline -0.006 -7"><span class='ocrx_word' id='word_1_296' title='bbox 265 1747 333 1783; x_wconf 82' lang='lat' dir='ltr'>ejus</span> <span class='ocrx_word' id='word_1_297' title='bbox 357 1755 402 1775; x_wconf 89' lang='lat' dir='ltr'>res</span> <span class='ocrx_word' id='word_1_298' title='bbox 418 1746 510 1783; x_wconf 69' lang='lat' dir='ltr'>gestae</span> <span class='ocrx_word' id='word_1_299' title='bbox 534 1753 619 1773; x_wconf 88' lang='lat' dir='ltr'>anno</span> <span class='ocrx_word' id='word_1_300' title='bbox 638 1744 792 1781; x_wconf 77' lang='lat' dir='ltr'>sequenti,</span> <span class='ocrx_word' id='word_1_301' title='bbox 812 1744 864 1779; x_wconf 87' lang='lat'>28,</span> <span class='ocrx_word' id='word_1_302' title='bbox 883 1750 978 1782; x_wconf 85' lang='lat'><strong>5—7.</strong></span> <span class='ocrx_word' id='word_1_303' title='bbox 1001 1743 1028 1771; x_wconf 89' lang='lat' dir='ltr'>ei</span> <span class='ocrx_word' id='word_1_304' title='bbox 1053 1742 1192 1771; x_wconf 82' lang='lat' dir='ltr'>succedit</span> <span class='ocrx_word' id='word_1_305' title='bbox 1209 1742 1240 1770; x_wconf 90' lang='lat' dir='ltr'>P.</span> <span class='ocrx_word' id='word_1_306' title='bbox 1266 1741 1417 1779; x_wconf 88' lang='lat' dir='ltr'>Sempro-</span> 
     </span>
     <span class='ocr_line' id='line_1_38' title="bbox 265 1783 1415 1826; baseline -0.005 -8"><span class='ocrx_word' id='word_1_307' title='bbox 265 1789 351 1825; x_wconf 85' lang='lat' dir='ltr'>nius,</span> <span class='ocrx_word' id='word_1_308' title='bbox 372 1799 424 1826; x_wconf 78' lang='lat'>29,</span> <span class='ocrx_word' id='word_1_309' title='bbox 447 1797 495 1817; x_wconf 84' lang='lat'><strong>12.</strong></span> <span class='ocrx_word' id='word_1_310' title='bbox 519 1794 642 1816; x_wconf 84' lang='lat' dir='ltr'>creatur</span> <span class='ocrx_word' id='word_1_311' title='bbox 666 1785 810 1821; x_wconf 66' lang='lat' dir='ltr'>dictator,</span> <span class='ocrx_word' id='word_1_312' title='bbox 829 1795 881 1823; x_wconf 86' lang='lat'>30,</span> <span class='ocrx_word' id='word_1_313' title='bbox 900 1795 952 1824; x_wconf 89' lang='lat'>24.</span> <span class='ocrx_word' id='word_1_314' title='bbox 977 1785 1092 1814; x_wconf 85' lang='lat' dir='ltr'>iterum</span> <span class='ocrx_word' id='word_1_315' title='bbox 1108 1783 1232 1820; x_wconf 80' lang='lat' dir='ltr'>consul,</span> <span class='ocrx_word' id='word_1_316' title='bbox 1251 1793 1304 1821; x_wconf 81' lang='lat'>31,</span> <span class='ocrx_word' id='word_1_317' title='bbox 1321 1792 1353 1820; x_wconf 89' lang='lat'><strong>4.</strong></span> <span class='ocrx_word' id='word_1_318' title='bbox 1375 1783 1415 1812; x_wconf 82' lang='lat' dir='ltr'>de</span> 
     </span>
     <span class='ocr_line' id='line_1_39' title="bbox 264 1825 1418 1867; baseline -0.005 -7"><span class='ocrx_word' id='word_1_319' title='bbox 264 1831 350 1860; x_wconf 86' lang='lat' dir='ltr'>bello</span> <span class='ocrx_word' id='word_1_320' title='bbox 373 1830 521 1860; x_wconf 76' lang='lat' dir='ltr'>adversus</span> <span class='ocrx_word' id='word_1_321' title='bbox 545 1829 732 1867; x_wconf 82' lang='lat' dir='ltr'>Philippum</span> <span class='ocrx_word' id='word_1_322' title='bbox 750 1828 839 1857; x_wconf 84' lang='lat' dir='ltr'>refert</span> <span class='ocrx_word' id='word_1_323' title='bbox 855 1828 896 1857; x_wconf 88' lang='lat' dir='ltr'>ad</span> <span class='ocrx_word' id='word_1_324' title='bbox 920 1829 1079 1863; x_wconf 88' lang='lat' dir='ltr'>senatum,</span> <span class='ocrx_word' id='word_1_325' title='bbox 1094 1834 1123 1866; x_wconf 81' lang='lat'><strong>5.</strong></span> <span class='ocrx_word' id='word_1_326' title='bbox 1141 1827 1168 1855; x_wconf 90' lang='lat' dir='ltr'>ei</span> <span class='ocrx_word' id='word_1_327' title='bbox 1184 1827 1290 1856; x_wconf 88' lang='lat' dir='ltr'>evenit</span> <span class='ocrx_word' id='word_1_328' title='bbox 1307 1825 1418 1854; x_wconf 87' lang='lat' dir='ltr'>Mace-</span> 
     </span>
     <span class='ocr_line' id='line_1_40' title="bbox 263 1868 1414 1912; baseline -0.005 -9"><span class='ocrx_word' id='word_1_329' title='bbox 263 1874 361 1903; x_wconf 87' lang='lat' dir='ltr'>donia</span> <span class='ocrx_word' id='word_1_330' title='bbox 379 1873 555 1912; x_wconf 87' lang='lat' dir='ltr'>provincia,</span> <span class='ocrx_word' id='word_1_331' title='bbox 575 1873 606 1901; x_wconf 91' lang='lat'><strong>6.</strong></span> <span class='ocrx_word' id='word_1_332' title='bbox 623 1872 820 1909; x_wconf 84' lang='lat' dir='ltr'>rogationem</span> <span class='ocrx_word' id='word_1_333' title='bbox 838 1871 1019 1909; x_wconf 87' lang='lat' dir='ltr'>promulgat</span> <span class='ocrx_word' id='word_1_334' title='bbox 1035 1870 1073 1898; x_wconf 91' lang='lat' dir='ltr'>de</span> <span class='ocrx_word' id='word_1_335' title='bbox 1089 1869 1172 1898; x_wconf 82' lang='lat' dir='ltr'>bello</span> <span class='ocrx_word' id='word_1_336' title='bbox 1189 1868 1414 1904; x_wconf 83' lang='lat' dir='ltr'>Macedonico,</span> 
     </span>
     <span class='ocr_line' id='line_1_41' title="bbox 264 1910 1416 1953; baseline -0.003 -10"><span class='ocrx_word' id='word_1_337' title='bbox 264 1916 336 1945; x_wconf 76' lang='lat' dir='ltr'>ibid.</span> <span class='ocrx_word' id='word_1_338' title='bbox 354 1916 420 1953; x_wconf 77' lang='lat' dir='ltr'>ejus</span> <span class='ocrx_word' id='word_1_339' title='bbox 436 1915 548 1949; x_wconf 86' lang='lat' dir='ltr'>oratio,</span> <span class='ocrx_word' id='word_1_340' title='bbox 568 1922 596 1949; x_wconf 94' lang='lat'>7.</span> <span class='ocrx_word' id='word_1_341' title='bbox 621 1913 757 1943; x_wconf 83' lang='lat' dir='ltr'>consulit</span> <span class='ocrx_word' id='word_1_342' title='bbox 773 1913 898 1942; x_wconf 86' lang='lat' dir='ltr'>feciales</span> <span class='ocrx_word' id='word_1_343' title='bbox 913 1913 952 1942; x_wconf 87' lang='lat' dir='ltr'>de</span> <span class='ocrx_word' id='word_1_344' title='bbox 975 1911 1073 1948; x_wconf 80' lang='lat' dir='ltr'>bello,</span> <span class='ocrx_word' id='word_1_345' title='bbox 1092 1911 1239 1949; x_wconf 82' lang='lat' dir='ltr'>Philippo</span> <span class='ocrx_word' id='word_1_346' title='bbox 1255 1911 1316 1948; x_wconf 85' lang='lat' dir='ltr'>regi</span> <span class='ocrx_word' id='word_1_347' title='bbox 1333 1910 1416 1939; x_wconf 87' lang='lat' dir='ltr'>indi-</span> 
     </span>
     <span class='ocr_line' id='line_1_42' title="bbox 263 1952 1414 1995; baseline -0.005 -8"><span class='ocrx_word' id='word_1_348' title='bbox 263 1959 380 1994; x_wconf 86' lang='lat' dir='ltr'>cendo,</span> <span class='ocrx_word' id='word_1_349' title='bbox 396 1960 426 1988; x_wconf 90' lang='lat'><strong>8.</strong></span> <span class='ocrx_word' id='word_1_350' title='bbox 445 1958 472 1986; x_wconf 87' lang='lat' dir='ltr'>ei</span> <span class='ocrx_word' id='word_1_351' title='bbox 491 1956 689 1995; x_wconf 70' lang='lat' dir='ltr'>permissum,</span> <span class='ocrx_word' id='word_1_352' title='bbox 707 1963 742 1986; x_wconf 89' lang='lat' dir='ltr'>ut</span> <span class='ocrx_word' id='word_1_353' title='bbox 760 1956 798 1985; x_wconf 88' lang='lat' dir='ltr'>de</span> <span class='ocrx_word' id='word_1_354' title='bbox 813 1956 968 1990; x_wconf 83' lang='lat' dir='ltr'>exercitu,</span> <span class='ocrx_word' id='word_1_355' title='bbox 985 1964 1084 1992; x_wconf 85' lang='lat' dir='ltr'>quern</span> <span class='ocrx_word' id='word_1_356' title='bbox 1102 1954 1134 1983; x_wconf 87' lang='grc' dir='ltr'>Ρ.</span> <span class='ocrx_word' id='word_1_357' title='bbox 1153 1954 1260 1991; x_wconf 87' lang='lat' dir='ltr'>Scipio</span> <span class='ocrx_word' id='word_1_358' title='bbox 1275 1963 1315 1982; x_wconf 83' lang='lat' dir='ltr'>ex</span> <span class='ocrx_word' id='word_1_359' title='bbox 1331 1952 1414 1981; x_wconf 82' lang='lat' dir='ltr'>Afri-</span> 
     </span>
     <span class='ocr_line' id='line_1_43' title="bbox 263 1995 1413 2039; baseline -0.007 -9"><span class='ocrx_word' id='word_1_360' title='bbox 263 2010 301 2030; x_wconf 85' lang='lat' dir='ltr'>ca</span> <span class='ocrx_word' id='word_1_361' title='bbox 316 1999 516 2039; x_wconf 78' lang='lat' dir='ltr'>deportaffet,</span> <span class='ocrx_word' id='word_1_362' title='bbox 534 1998 742 2033; x_wconf 88' lang='lat' dir='ltr'>voluntarios,</span> <span class='ocrx_word' id='word_1_363' title='bbox 759 2008 839 2036; x_wconf 87' lang='lat' dir='ltr'>quos</span> <span class='ocrx_word' id='word_1_364' title='bbox 862 1997 972 2036; x_wconf 71' lang='lat' dir='ltr'>posset,</span> <span class='ocrx_word' id='word_1_365' title='bbox 989 1997 1131 2032; x_wconf 89' lang='lat' dir='ltr'>duceret,</span> <span class='ocrx_word' id='word_1_366' title='bbox 1155 1996 1227 2024; x_wconf 83' lang='lat' dir='ltr'>ibid.</span> <span class='ocrx_word' id='word_1_367' title='bbox 1244 1995 1413 2033; x_wconf 82' lang='lat' dir='ltr'>paludatus</span> 
     </span>
     <span class='ocr_line' id='line_1_44' title="bbox 262 2036 1415 2080; baseline -0.007 -7"><span class='ocrx_word' id='word_1_368' title='bbox 262 2053 340 2073; x_wconf 90' lang='lat' dir='ltr'>cum</span> <span class='ocrx_word' id='word_1_369' title='bbox 365 2042 526 2072; x_wconf 67' lang='lat' dir='ltr'>lictoribus</span> <span class='ocrx_word' id='word_1_370' title='bbox 551 2041 761 2080; x_wconf 80' lang='lat' dir='ltr'>proficiscitur</span> <span class='ocrx_word' id='word_1_371' title='bbox 778 2050 809 2069; x_wconf 85' lang='lat' dir='ltr'>in</span> <span class='ocrx_word' id='word_1_372' title='bbox 834 2040 1074 2073; x_wconf 83' lang='lat' dir='ltr'>Macedoniam,</span> <span class='ocrx_word' id='word_1_373' title='bbox 1098 2048 1146 2075; x_wconf 89' lang='lat'><strong>14.</strong></span> <span class='ocrx_word' id='word_1_374' title='bbox 1170 2038 1253 2066; x_wconf 87' lang='lat' dir='ltr'>circa</span> <span class='ocrx_word' id='word_1_375' title='bbox 1280 2036 1415 2075; x_wconf 90' lang='lat' dir='ltr'>Apollo-</span> 
     </span>
     <span class='ocr_line' id='line_1_45' title="bbox 261 2078 1415 2119; baseline -0.007 -4"><span class='ocrx_word' id='word_1_376' title='bbox 261 2087 351 2115; x_wconf 86' lang='lat' dir='ltr'>niam</span> <span class='ocrx_word' id='word_1_377' title='bbox 376 2086 534 2119; x_wconf 83' lang='lat' dir='ltr'>hibernat,</span> <span class='ocrx_word' id='word_1_378' title='bbox 553 2083 687 2113; x_wconf 71' lang='lat' dir='ltr'><strong>22.⁴v1&#39;d.</strong></span> <span class='ocrx_word' id='word_1_379' title='bbox 705 2090 732 2112; x_wconf 85' lang='lat' dir='ltr'>et</span> <span class='ocrx_word' id='word_1_380' title='bbox 758 2092 808 2119; x_wconf 86' lang='lat'><strong>27.</strong></span> <span class='ocrx_word' id='word_1_381' title='bbox 836 2083 904 2119; x_wconf 86' lang='lat' dir='ltr'>ejus</span> <span class='ocrx_word' id='word_1_382' title='bbox 929 2091 976 2110; x_wconf 90' lang='lat' dir='ltr'>res</span> <span class='ocrx_word' id='word_1_383' title='bbox 1001 2082 1106 2119; x_wconf 84' lang='lat' dir='ltr'>gestae,</span> <span class='ocrx_word' id='word_1_384' title='bbox 1127 2088 1263 2118; x_wconf 77' lang='lat'><strong>33—40.</strong></span> <span class='ocrx_word' id='word_1_385' title='bbox 1292 2078 1415 2117; x_wconf 86' lang='lat' dir='ltr'>legatus</span> 
     </span>
     <span class='ocr_line' id='line_1_46' title="bbox 260 2121 1411 2163; baseline -0.007 -5"><span class='ocrx_word' id='word_1_386' title='bbox 260 2129 387 2158; x_wconf 89' lang='lat' dir='ltr'>additur</span> <span class='ocrx_word' id='word_1_387' title='bbox 402 2128 441 2157; x_wconf 89' lang='lat' dir='ltr'><strong>T.</strong></span> <span class='ocrx_word' id='word_1_388' title='bbox 464 2126 612 2161; x_wconf 71' lang='lat' dir='ltr'>Quintio,</span> <span class='ocrx_word' id='word_1_389' title='bbox 631 2135 681 2162; x_wconf 79' lang='lat'>32,</span> <span class='ocrx_word' id='word_1_390' title='bbox 700 2126 754 2156; x_wconf 83' lang='lat'>28.</span> <span class='ocrx_word' id='word_1_391' title='bbox 775 2126 896 2163; x_wconf 85' lang='lat' dir='ltr'>legatus</span> <span class='ocrx_word' id='word_1_392' title='bbox 912 2125 945 2153; x_wconf 90' lang='lat' dir='ltr'>in</span> <span class='ocrx_word' id='word_1_393' title='bbox 961 2124 1074 2153; x_wconf 90' lang='lat' dir='ltr'>decem</span> <span class='ocrx_word' id='word_1_394' title='bbox 1091 2123 1129 2151; x_wconf 89' lang='lat' dir='ltr'>ad</span> <span class='ocrx_word' id='word_1_395' title='bbox 1144 2131 1190 2152; x_wconf 87' lang='lat' dir='ltr'>res</span> <span class='ocrx_word' id='word_1_396' title='bbox 1206 2121 1411 2152; x_wconf 83' lang='lat' dir='ltr'>Macedoniae</span> 
     </span>
     <span class='ocr_line' id='line_1_47' title="bbox 259 2164 1413 2206; baseline -0.007 -6"><span class='ocrx_word' id='word_1_397' title='bbox 259 2178 291 2199; x_wconf 84' lang='lat' dir='ltr'>ct</span> <span class='ocrx_word' id='word_1_398' title='bbox 322 2171 455 2200; x_wconf 81' lang='lat' dir='ltr'>Graeciae</span> <span class='ocrx_word' id='word_1_399' title='bbox 479 2168 733 2206; x_wconf 83' lang='lat' dir='ltr'>componendas,</span> <span class='ocrx_word' id='word_1_400' title='bbox 764 2176 816 2204; x_wconf 85' lang='lat'>33,</span> <span class='ocrx_word' id='word_1_401' title='bbox 847 2176 897 2205; x_wconf 90' lang='lat'>24.</span> <span class='ocrx_word' id='word_1_402' title='bbox 921 2166 1042 2204; x_wconf 78' lang='lat' dir='ltr'>legatus</span> <span class='ocrx_word' id='word_1_403' title='bbox 1067 2166 1204 2194; x_wconf 79' lang='lat' dir='ltr'>mittitur</span> <span class='ocrx_word' id='word_1_404' title='bbox 1233 2164 1271 2193; x_wconf 89' lang='lat' dir='ltr'>ad</span> <span class='ocrx_word' id='word_1_405' title='bbox 1297 2164 1413 2193; x_wconf 85' lang='lat' dir='ltr'>Antio-</span> 
     </span>
     <span class='ocr_line' id='line_1_48' title="bbox 259 2206 1414 2250; baseline -0.006 -8"><span class='ocrx_word' id='word_1_406' title='bbox 259 2214 374 2248; x_wconf 89' lang='lat' dir='ltr'>chum,</span> <span class='ocrx_word' id='word_1_407' title='bbox 394 2222 446 2250; x_wconf 83' lang='lat'>34,</span> <span class='ocrx_word' id='word_1_408' title='bbox 467 2219 518 2250; x_wconf 83' lang='lat'>59.</span> <span class='ocrx_word' id='word_1_409' title='bbox 535 2211 622 2239; x_wconf 88' lang='lat' dir='ltr'>venit</span> <span class='ocrx_word' id='word_1_410' title='bbox 638 2211 676 2239; x_wconf 85' lang='lat' dir='ltr'>ad</span> <span class='ocrx_word' id='word_1_411' title='bbox 695 2210 890 2245; x_wconf 87' lang='lat' dir='ltr'>Eumenem,</span> <span class='ocrx_word' id='word_1_412' title='bbox 905 2216 956 2247; x_wconf 85' lang='lat'>35,</span> <span class='ocrx_word' id='word_1_413' title='bbox 974 2217 1022 2245; x_wconf 86' lang='lat'>13.</span> <span class='ocrx_word' id='word_1_414' title='bbox 1047 2214 1077 2236; x_wconf 88' lang='lat' dir='ltr'>et</span> <span class='ocrx_word' id='word_1_415' title='bbox 1096 2217 1143 2247; x_wconf 80' lang='lat'><strong>14.</strong></span> <span class='ocrx_word' id='word_1_416' title='bbox 1167 2206 1235 2244; x_wconf 87' lang='lat' dir='ltr'>ejus</span> <span class='ocrx_word' id='word_1_417' title='bbox 1251 2215 1328 2236; x_wconf 86' lang='lat' dir='ltr'>cum</span> <span class='ocrx_word' id='word_1_418' title='bbox 1347 2207 1414 2236; x_wconf 80' lang='lat' dir='ltr'>Mi-</span> 
     </span>
     <span class='ocr_line' id='line_1_49' title="bbox 260 2254 655 2292; baseline -0.008 -8"><span class='ocrx_word' id='word_1_419' title='bbox 260 2256 357 2284; x_wconf 87' lang='lat' dir='ltr'>nione</span> <span class='ocrx_word' id='word_1_420' title='bbox 374 2255 588 2292; x_wconf 74' lang='lat' dir='ltr'>colloquium,</span> <span class='ocrx_word' id='word_1_421' title='bbox 608 2254 655 2281; x_wconf 85' lang='lat'><strong>16.</strong></span> 
     </span>
    </p>

    <p class='ocr_par' dir='ltr' id='par_1_17' title="bbox 216 2290 1414 2377">
     <span class='ocr_line' id='line_1_50' title="bbox 216 2290 1414 2335; baseline -0.006 -8"><span class='ocrx_word' id='word_1_422' title='bbox 216 2297 249 2327; x_wconf 87' lang='lat' dir='ltr'>P.</span> <span class='ocrx_word' id='word_1_423' title='bbox 267 2298 428 2335; x_wconf 81' lang='lat' dir='ltr'>Sulpicius</span> <span class='ocrx_word' id='word_1_424' title='bbox 454 2296 595 2325; x_wconf 86' lang='lat' dir='ltr'>Saverrio</span> <span class='ocrx_word' id='word_1_425' title='bbox 619 2293 728 2323; x_wconf 84' lang='lat' dir='ltr'>consul</span> <span class='ocrx_word' id='word_1_426' title='bbox 752 2300 887 2329; x_wconf 85' lang='lat' dir='ltr'>creatur,</span> <span class='ocrx_word' id='word_1_427' title='bbox 907 2302 937 2329; x_wconf 91' lang='lat'>9,</span> <span class='ocrx_word' id='word_1_428' title='bbox 954 2299 1008 2331; x_wconf 85' lang='lat'>45.</span> <span class='ocrx_word' id='word_1_429' title='bbox 1033 2292 1074 2322; x_wconf 87' lang='lat' dir='ltr'>ob</span> <span class='ocrx_word' id='word_1_430' title='bbox 1098 2302 1146 2322; x_wconf 89' lang='lat' dir='ltr'>res</span> <span class='ocrx_word' id='word_1_431' title='bbox 1165 2291 1247 2322; x_wconf 88' lang='lat' dir='ltr'>bene</span> <span class='ocrx_word' id='word_1_432' title='bbox 1268 2290 1414 2321; x_wconf 79' lang='lat' dir='ltr'>adversus</span> 
     </span>
     <span class='ocr_line' id='line_1_51' title="bbox 257 2335 1048 2377; baseline -0.006 -8"><span class='ocrx_word' id='word_1_433' title='bbox 257 2339 381 2377; x_wconf 84' lang='lat' dir='ltr'>AEquos</span> <span class='ocrx_word' id='word_1_434' title='bbox 395 2341 493 2376; x_wconf 82' lang='lat' dir='ltr'>gestas</span> <span class='ocrx_word' id='word_1_435' title='bbox 509 2338 700 2375; x_wconf 82' lang='lat' dir='ltr'>triumphat,</span> <span class='ocrx_word' id='word_1_436' title='bbox 718 2336 790 2365; x_wconf 85' lang='lat' dir='ltr'>ibid.</span> <span class='ocrx_word' id='word_1_437' title='bbox 808 2335 929 2371; x_wconf 88' lang='lat' dir='ltr'>censor,</span> <span class='ocrx_word' id='word_1_438' title='bbox 950 2345 1000 2372; x_wconf 82' lang='lat'>10,</span> <span class='ocrx_word' id='word_1_439' title='bbox 1019 2346 1048 2375; x_wconf 92' lang='lat'><strong>9.</strong></span> 
     </span>
    </p>

    <p class='ocr_par' dir='ltr' id='par_1_18' title="bbox 216 2378 1175 2421">
     <span class='ocr_line' id='line_1_52' title="bbox 216 2378 1175 2421; baseline -0.005 -10"><span class='ocrx_word' id='word_1_440' title='bbox 216 2381 258 2411; x_wconf 76' lang='lat' dir='ltr'><strong>Q.</strong></span> <span class='ocrx_word' id='word_1_441' title='bbox 273 2382 446 2421; x_wconf 82' lang='lat' dir='ltr'>Sulpicius,</span> <span class='ocrx_word' id='word_1_442' title='bbox 462 2381 583 2420; x_wconf 84' lang='lat' dir='ltr'>legatus</span> <span class='ocrx_word' id='word_1_443' title='bbox 600 2379 758 2409; x_wconf 67' lang='lat' dir='ltr'>dictatoris</span> <span class='ocrx_word' id='word_1_444' title='bbox 775 2380 814 2408; x_wconf 82' lang='lat' dir='ltr'>A.</span> <span class='ocrx_word' id='word_1_445' title='bbox 829 2378 994 2416; x_wconf 82' lang='lat' dir='ltr'>Postumii,</span> <span class='ocrx_word' id='word_1_446' title='bbox 1009 2387 1043 2417; x_wconf 87' lang='lat'>4,</span> <span class='ocrx_word' id='word_1_447' title='bbox 1059 2379 1137 2413; x_wconf 51' lang='lat'>27.„</span> <span class='ocrx_word' id='word_1_448' title='bbox 1150 2394 1175 2410; x_wconf 45' lang='grc' dir='ltr'>Ἢ</span> 
     </span>
    </p>
   </div>
  </div>
 </body>
</html>
