1572 2616
250 194 305 247 58

571 416 697 451 ι’·-Λ-ῆ

246 458 282 490 Ρ.
319 459 349 489 V
358 459 388 488 A
397 459 421 488 L
431 457 456 488 E
466 457 518 488 RI
531 458 560 489 U
572 460 592 489 S

248 511 380 532 νοιυει
409 512 436 532 ε.
454 505 511 532 ³¹²1«.
530 512 593 532 vo-

248 555 359 575 Lusus
385 554 592 575 POPLICOLA.

247 588 321 619 Cos.
342 598 419 618 cum
443 589 477 618 L.
494 589 593 618 Junio

247 631 358 668 Bruto,
393 641 479 660 anno
519 641 592 670 244.

247 675 343 712 Leges
358 675 391 704 in
408 675 591 712 magistratu

245 718 337 747 vaide
355 716 522 756 populares
542 724 591 747 tu-

245 760 294 792 lit,
320 761 405 790 unde
430 760 592 799 Popiicoia

246 803 349 833 difflus
365 804 418 834 est.
444 803 590 833 Etruscos

244 847 357 885 proelio
374 847 468 876 vicit:
487 846 590 884 deque

244 889 589 928 vistriumphavitCos.

245 942 287 968 Η,
316 942 401 961 anno
427 933 487 971 seq.
512 940 589 961 cum

241 976 283 1006 T:
312 975 471 1006 Lucretio.
515 975 590 1005 Cos.
608 982 610 985 ·

244 1027 302 1055 ιιι,
321 1027 397 1048 cum
422 1018 469 1047 M.
487 1017 590 1047 Hora-

241 1062 299 1097 tio,
316 1070 403 1090 anno
419 1062 491 1099 246.
515 1061 588 1091 Cos.

243 1113 297 1140 iv,
312 1113 389 1134 cum
416 1103 456 1133 T.
477 1103 591 1133 Lucre-

241 1147 300 1183 tio,
331 1155 418 1176 anno
448 1157 519 1185 ²49·
549 1146 588 1175 de

241 1190 386 1219 Sabineis
407 1189 588 1227 triumpha-

240 1233 298 1262 vit.
359 1232 506 1261 Mortuus
543 1232 587 1261 est

241 1274 409 1312 Menenio,
424 1274 586 1304 Postumio

239 1327 322 1348 coss.
346 1318 454 1347 Funus
467 1326 507 1346 ex
523 1326 584 1355 pu-

239 1360 325 1390 blico
336 1359 585 1398 magnificentis-

240 1403 359 1433 simum
404 1403 583 1432 decretum.

240 1446 348 1476 Livius
365 1445 418 1475 lib.
434 1446 467 1475 ii.
505 1445 584 1474 Dio-

239 1489 345 1528 nysius
364 1498 394 1519 v.
440 1487 583 1518 Valerius

238 1532 331 1562 Max.
347 1531 402 1561 lib.
420 1531 462 1560 vi.
491 1531 582 1560 Cice-

235 1584 270 1604 ro
313 1574 581 1604 Academicarum

232 1618 450 1656 quaestionum
537 1616 580 1646 iv.

233 1660 422 1690 Plutarchus
440 1660 472 1689 in
487 1659 562 1689 vita.

429 1748 514 1777 n—-kq

232 1788 266 1818 P.
303 1787 448 1818 VALE-
491 1787 541 1817 M.
578 1785 706 1816 VALE-

496 1839 577 1859 nius
617 1838 644 1859 Ρ.
678 1839 706 1859 Ρ.

495 1881 626 1902 voLusi
671 1881 708 1902 N.

499 1924 706 1944 POPL1COLA.

233 1959 276 1988 Hi
290 1959 459 1991 Postumio,
472 1957 614 1996 Virginio
626 1967 706 1987 coss.

233 2001 281 2031 M.
300 2001 462 2031 Valerium
486 2007 634 2039 patruum
651 2000 708 2028 ha-

232 2045 278 2074 sta
315 2045 347 2073 in
385 2043 496 2082 proelio
527 2042 706 2082 percuffum

234 1840 316 1861 mus
357 1840 385 1861 Ρ.
418 1840 446 1860 F-

235 1883 368 1904 VOLst
414 1883 448 1903 N-

235 1925 444 1945 POPLICOLA.

672 205 1011 239 ROMANORUM

623 330 837 362 VALERIUS
860 332 1070 364 VOLUSUS.

986 420 1113 453 ros-s

680 460 728 489 M.
752 459 1022 491 VALERIUS

681 512 812 533 νοιυει
840 512 868 533 F.
885 506 942 533 fix.
963 513 1023 533 vo-

680 555 804 575 tusus.
850 546 922 576 Cos.
946 556 1023 576 curn

680 589 713 619 P.
738 589 910 625 Postumio,
937 598 1024 618 anno

681 632 757 670 248.
801 633 848 661 De
881 632 1024 662 Sabineis

679 675 900 714 triumphavit.
923 675 1022 712 Huic,

679 719 754 756 quia
769 719 880 756 saepius
890 718 1022 756 vicerat,

677 762 760 791 aedes
778 762 809 790 iu
830 760 947 800 palatio
970 761 1024 790 tri-

677 803 764 833 butae
793 803 878 840 sunt,
907 810 938 833 et
965 813 1022 842 pu-

677 846 763 876 blico
791 847 897 876 sumtu
923 846 1023 875 aedifi-

676 897 756 919 catae
766 902 771 918 :
782 889 1025 918 auffloreVarro-

676 942 727 965 ne,
739 933 824 971 quod
835 933 949 961 Antias
962 932 1022 961 Va-

674 974 752 1004 lerio
791 975 951 1011 Maximo,
984 975 1017 1004 L.

677 1017 827 1057 Higinius
848 1017 1020 1056 Poplicolae

675 1061 801 1090 tribuit:
826 1061 908 1090 testis
923 1062 1020 1090 Aico-

675 1104 747 1133 nius
758 1104 790 1133 in
804 1103 1017 1133 Pisonianam.

674 1145 796 1176 Plinius
822 1145 876 1175 lib.
904 1146 1016 1175 xxxvi.

678 1195 727 1227 [5-
747 1189 779 1218 P.
803 1195 835 1217 et
858 1189 906 1217 M.
924 1187 1017 1218 Vale-

674 1231 736 1261 riis.
765 1231 950 1260 Interfefflis
973 1231 1018 1260 est

671 1273 756 1303 beilo
771 1274 894 1309 Latino,
909 1274 1017 1303 Postu-

673 1317 751 1352 mio,
769 1317 911 1354 Virginio
932 1325 1013 1346 coss.

671 1359 779 1389 Livius
796 1359 850 1389 lib.
868 1360 900 1388 ii.
918 1360 1015 1388 Anno

670 1402 811 1441 sequenti
869 1403 1012 1431 occisum

670 1445 843 1485 Dionysius
887 1444 942 1474 li'o.
981 1454 1011 1475 v.

670 1487 793 1517 scribit:
829 1488 868 1517 de
898 1487 1012 1517 eodem

667 1530 856 1560 Plutarchus
888 1530 919 1559 in
953 1530 1011 1559 Po-

668 1572 806 1612 plicola:
835 1573 946 1603 Cicero
972 1573 1011 1602 de

666 1615 859 1655 Aruspicum
885 1615 1012 1654 respon-

667 1657 716 1688 sis.

752 1742 800 1774 M.
859 1742 1010 1773 VALE-

753 1795 854 1815 nius
903 1795 942 1816 M.
981 1795 1009 1816 r.

753 1838 1010 1858 VOLUSINJO-

753 1881 875 1901 Luscs.
926 1871 1010 1901 Nul-

751 1914 821 1944 lum
837 1913 924 1952 geffit
941 1924 1009 1943 ma-

751 1958 924 1995 gistratum.
938 1957 1009 1986 Me-

751 2001 846 2029 minit
891 2001 923 2029 in
964 2000 1008 2028 se-

750 2043 858 2072 cundo
873 2042 991 2074 Livius.

230 2087 351 2117 fortiter
388 2086 608 2121 defenderunt,
645 2085 706 2124 spi-

230 2137 353 2159 rantem
379 2129 484 2158 adhuc
504 2138 541 2157 ne
559 2128 705 2166 spoliare-

229 2179 282 2202 tur
298 2173 390 2202 scutis
413 2172 452 2201 ad
476 2171 596 2200 vallum
611 2171 703 2200 detu-

229 2215 348 2249 lerunt,
375 2222 405 2243 et
428 2214 466 2243 ad
491 2223 633 2252 pugnarn
655 2223 701 2242 re-

227 2257 304 2286 versi
322 2265 357 2286 ut
377 2266 453 2287 cum
480 2257 702 2286 uiczi‘ccrentur

229 2300 262 2329 in
280 2299 520 2329 confertiffimos
543 2299 571 2328 se
593 2299 701 2335 conje-

229 2350 341 2372 cerunt
372 2343 486 2378 hostes,
517 2342 698 2380 fortiterque

227 2392 406 2425 pugnantes
419 2385 511 2414 occisi
523 2385 602 2415 sunt.
619 2386 696 2414 Dio-

226 2429 332 2469 nyiius
349 2428 427 2458 libro
447 2428 486 2458 vi.

1090 460 1149 491 Μ’.
1180 460 1436 493 VALERIUS

1091 513 1221 534 νοιυει
1250 515 1277 535 F.
1294 507 1351 535 *m
1371 503 1435 536 vo*-

1091 557 1214 577 Lusus.
1233 547 1375 577 Diflator
1390 551 1434 578 se-

1089 590 1219 620 ditionis
1287 591 1433 621 sedandae

1089 641 1121 662 et
1179 634 1221 663 rei
1281 635 1432 672 gerundae

1089 678 1194 712 causa,
1231 685 1318 706 anno
1358 685 1432 717 259.

1088 718 1230 756 piebem,
1245 728 1316 758 quae
1335 729 1432 758 prope

1088 762 1190 800 ripam
1220 762 1354 792 Anienis
1390 763 1432 793 ad

1088 806 1217 834 tertium
1243 804 1430 836 milliarium

1087 848 1281 881 consederat,
1336 857 1431 877 mon-

1088 896 1229 928 temque,
1261 890 1314 929 qui
1346 890 1431 921 sacer

1087 932 1264 972 appellatus
1291 934 1347 968 est,
1375 942 1432 963 oe-

1085 983 1228 1014 cuparat,
1289 975 1430 1015 patribus

1084 1018 1332 1054 neconciliavitq
1386 1019 1428 1053 ob

1083 1070 1156 1090 eam
1189 1062 1318 1091 causam
1358 1070 1430 1091 am-

1084 1103 1210 1142 piiffimi
1238 1104 1265 1133 ei
1291 1105 1428 1134 honores

1082 1146 1196 1183 habiti,
1235 1154 1267 1176 et
1303 1146 1426 1186 primus

1085 1197 1269 1219 MAxumus
1300 1190 1342 1219 est
1371 1199 1427 1228 ap-

1082 1231 1228 1270 pellatus.
1285 1231 1322 1261 In
1361 1233 1424 1262 hoc

1082 1275 1265 1312 magistratu
1281 1274 1320 1304 de
1336 1274 1427 1304 Sabi-

1081 1317 1150 1346 neis
1201 1317 1423 1356 triumphavit.

1080 1359 1187 1389 Livius
1211 1359 1267 1390 lib.
1282 1361 1314 1390 ii.
1345 1360 1426 1390 Dio-

1079 1401 1187 1441 nysius
1212 1402 1268 1432 lib.
1292 1403 1335 1432 vi.
1369 1403 1425 1433 Ci-

1077 1453 1152 1474 cero
1169 1445 1201 1474 in
1218 1445 1327 1476 Bruto.
1359 1445 1423 1476 Va-

1078 1486 1172 1516 letius
1208 1487 1263 1517 lib.
1294 1488 1359 1518 viii.
1391 1497 1424 1526 9.

1076 1529 1248 1569 Dionysius
1259 1530 1305 1560 M.
1313 1531 1423 1570 appel-

1075 1572 1120 1602 lat
1141 1573 1229 1602 hunc
1252 1572 1423 1611 Poplicola

1074 1615 1202 1644 fratrem
1214 1616 1372 1650 mendose,
1387 1623 1424 1646 ut

1075 1658 1200 1696 opinor.
1245 1658 1333 1687 Nam
1371 1659 1420 1690 M.

1074 1700 1160 1730 belio
1176 1701 1286 1730 Latino
1298 1701 1420 1732 occisus

1074 1744 1128 1773 est.
1174 1743 1324 1773 Manium
1346 1754 1420 1774 vero

1075 1787 1164 1815 hunc
1207 1786 1419 1824 appellatum,

1075 1829 1161 1866 quod
1188 1830 1309 1867 primus
1334 1829 1421 1859 sacra

1075 1872 1134 1901 diis
1158 1871 1307 1901 manibus
1330 1872 1420 1902 fecis.

1074 1914 1130 1949 set,
1154 1914 1301 1943 Zosimus
1322 1913 1377 1944 lib.
1394 1915 1417 1945 i.

1074 1957 1145 1986 hist.
1163 1957 1266 1986 tradit.

1073 2041 1343 2072 M.VALEfflUS
1355 2041 1415 2073 M'.

1073 2094 1102 2113 F.
1129 2093 1259 2113 vows¹
1289 2094 1322 2116 N.
1347 2093 1417 2114 MA-

1072 2136 1215 2156 xuruus.
1239 2127 1312 2157 Cos.
1335 2136 1414 2158 cum

1069 2170 1125 2208 Sp.
1149 2169 1304 2207 virginio,
1326 2179 1413 2199 anno

1070 2220 1143 2251 297.
1169 2212 1341 2251 Dionysius
1357 2213 1412 2245 lib.

1067 2265 1100 2284 x.
1117 2255 1222 2284 Livius
1239 2254 1295 2284 lib.
1312 2256 1357 2286 iii.

1066 2340 1115 2370 M.
1128 2340 1340 2370 VALERIUS
1359 2339 1409 2370 M.

1067 2393 1096 2413 r.
1133 2383 1181 2412 Μ’.
1214 2392 1247 2413 κ,
1286 2392 1409 2412 MAxu-

1067 2434 1152 2456 mus.
1169 2426 1332 2456 Tribunus
1348 2426 1394 2455 mi
